<?xml version="1.0" encoding="UTF-8"?>
<!DOCTYPE html PUBLIC "-//W3C//DTD XHTML 1.0 Transitional//EN"
    "http://www.w3.org/TR/xhtml1/DTD/xhtml1-transitional.dtd">
<html xmlns="http://www.w3.org/1999/xhtml" xml:lang="en" lang="en">
 <head>
  <title>
</title>
<meta http-equiv="Content-Type" content="text/html;charset=utf-8" />
  <meta name='ocr-system' content='tesseract 3.04.00' />
  <meta name='ocr-capabilities' content='ocr_page ocr_carea ocr_par ocr_line ocrx_word'/>
</head>
<body>
  <div class='ocr_page' id='page_1' title='image "./ephemerisepigra01instgoog_0168.png"; bbox 0 0 3450 5828; ppageno 0'>
   <div class='ocr_carea' id='block_1_1' title="bbox 196 488 949 558">
    <p class='ocr_par' dir='ltr' id='par_1_1' title="bbox 196 488 949 558">
     <span class='ocr_line' id='line_1_1' title="bbox 196 488 949 558; baseline 0.001 -2"><span class='ocrx_word' id='word_1_1' title='bbox 196 488 267 558; x_wconf 88' lang='grc'>160</span> <span class='ocrx_word' id='word_1_2' title='bbox 768 506 949 558; x_wconf 82' lang='lat' dir='ltr'>nouussn</span> 
     </span>
    </p>
   </div>
   <div class='ocr_carea' id='block_1_2' title="bbox 190 676 1529 2076">
    <p class='ocr_par' dir='ltr' id='par_1_2' title="bbox 190 676 1529 2076">
     <span class='ocr_line' id='line_1_2' title="bbox 192 676 1524 755; baseline 0 -19"><span class='ocrx_word' id='word_1_3' title='bbox 192 688 221 736; x_wconf 87' lang='lat' dir='ltr'>et</span> <span class='ocrx_word' id='word_1_4' title='bbox 242 678 417 736; x_wconf 71' lang='lat' dir='ltr'>decuriones</span> <span class='ocrx_word' id='word_1_5' title='bbox 439 678 496 735; x_wconf 90' lang='lat' dir='ltr'>etsi</span> <span class='ocrx_word' id='word_1_6' title='bbox 518 695 553 735; x_wconf 92' lang='lat' dir='ltr'>eo</span> <span class='ocrx_word' id='word_1_7' title='bbox 575 678 693 736; x_wconf 91' lang='lat' dir='ltr'>nomine</span> <span class='ocrx_word' id='word_1_8' title='bbox 716 678 863 754; x_wconf 88' lang='lat' dir='ltr'>pervenit,</span> <span class='ocrx_word' id='word_1_9' title='bbox 892 678 972 752; x_wconf 89' lang='lat' dir='ltr'>quod</span> <span class='ocrx_word' id='word_1_10' title='bbox 998 678 1131 755; x_wconf 84' lang='lat' dir='ltr'>plerique</span> <span class='ocrx_word' id='word_1_11' title='bbox 1156 696 1257 736; x_wconf 90' lang='lat' dir='ltr'>eorum</span> <span class='ocrx_word' id='word_1_12' title='bbox 1282 694 1322 735; x_wconf 85' lang='lat' dir='ltr'>ex</span> <span class='ocrx_word' id='word_1_13' title='bbox 1345 676 1524 755; x_wconf 85' lang='lat' dir='ltr'>gregalibus</span> 
     </span>
     <span class='ocr_line' id='line_1_3' title="bbox 192 778 1525 857; baseline -0.002 -19"><span class='ocrx_word' id='word_1_14' title='bbox 192 780 228 838; x_wconf 88' lang='lat' dir='ltr'>ed</span> <span class='ocrx_word' id='word_1_15' title='bbox 246 781 343 838; x_wconf 93' lang='lat' dir='ltr'>locum</span> <span class='ocrx_word' id='word_1_16' title='bbox 359 780 580 839; x_wconf 80' lang='lat' dir='ltr'>honoratiorem</span> <span class='ocrx_word' id='word_1_17' title='bbox 595 778 823 850; x_wconf 80' lang='lat' dir='ltr'>adscenderunt,</span> <span class='ocrx_word' id='word_1_18' title='bbox 846 780 939 838; x_wconf 90' lang='lat' dir='ltr'>nihilo</span> <span class='ocrx_word' id='word_1_19' title='bbox 953 780 1051 838; x_wconf 92' lang='lat' dir='ltr'>minus</span> <span class='ocrx_word' id='word_1_20' title='bbox 1066 796 1176 857; x_wconf 88' lang='lat' dir='ltr'>genera</span> <span class='ocrx_word' id='word_1_21' title='bbox 1190 779 1314 838; x_wconf 88' lang='lat' dir='ltr'>militiae</span> <span class='ocrx_word' id='word_1_22' title='bbox 1327 778 1525 857; x_wconf 79' lang='lat' dir='ltr'>originesque</span> 
     </span>
     <span class='ocr_line' id='line_1_4' title="bbox 192 879 1525 957; baseline 0.001 -19"><span class='ocrx_word' id='word_1_23' title='bbox 192 881 223 939; x_wconf 92' lang='lat' dir='ltr'>in</span> <span class='ocrx_word' id='word_1_24' title='bbox 245 882 399 940; x_wconf 86' lang='lat' dir='ltr'>honoratis</span> <span class='ocrx_word' id='word_1_25' title='bbox 420 880 468 938; x_wconf 89' lang='lat' dir='ltr'>his</span> <span class='ocrx_word' id='word_1_26' title='bbox 489 881 533 938; x_wconf 93' lang='lat' dir='ltr'>ita</span> <span class='ocrx_word' id='word_1_27' title='bbox 555 880 711 952; x_wconf 90' lang='lat' dir='ltr'>tolluntur,</span> <span class='ocrx_word' id='word_1_28' title='bbox 735 892 768 939; x_wconf 93' lang='lat' dir='ltr'>ut</span> <span class='ocrx_word' id='word_1_29' title='bbox 788 881 825 939; x_wconf 91' lang='lat' dir='ltr'>ad</span> <span class='ocrx_word' id='word_1_30' title='bbox 849 882 925 939; x_wconf 92' lang='lat' dir='ltr'>hauc</span> <span class='ocrx_word' id='word_1_31' title='bbox 946 881 1151 957; x_wconf 90' lang='lat' dir='ltr'>quaestionem</span> <span class='ocrx_word' id='word_1_32' title='bbox 1174 880 1362 940; x_wconf 72' lang='lat' dir='ltr'>centuriones</span> <span class='ocrx_word' id='word_1_33' title='bbox 1384 879 1525 939; x_wconf 88' lang='lat' dir='ltr'>decurio·</span> 
     </span>
     <span class='ocr_line' id='line_1_5' title="bbox 192 981 1524 1060; baseline -0.001 -19"><span class='ocrx_word' id='word_1_34' title='bbox 192 1001 302 1060; x_wconf 92' lang='lat' dir='ltr'>nesqne</span> <span class='ocrx_word' id='word_1_35' title='bbox 324 983 345 1040; x_wconf 93' lang='lat' dir='ltr'>ii</span> <span class='ocrx_word' id='word_1_36' title='bbox 368 983 425 1040; x_wconf 89' lang='lat' dir='ltr'>soli</span> <span class='ocrx_word' id='word_1_37' title='bbox 448 982 564 1041; x_wconf 82' lang='lat' dir='ltr'>admitti</span> <span class='ocrx_word' id='word_1_38' title='bbox 589 985 721 1059; x_wconf 78' lang='lat' dir='ltr'>possint,</span> <span class='ocrx_word' id='word_1_39' title='bbox 749 1000 875 1057; x_wconf 90' lang='lat' dir='ltr'>quorum</span> <span class='ocrx_word' id='word_1_40' title='bbox 902 991 1012 1040; x_wconf 89' lang='lat' dir='ltr'>etatum</span> <span class='ocrx_word' id='word_1_41' title='bbox 1039 991 1108 1042; x_wconf 90' lang='lat' dir='ltr'>ante</span> <span class='ocrx_word' id='word_1_42' title='bbox 1137 983 1237 1042; x_wconf 90' lang='lat' dir='ltr'>locum</span> <span class='ocrx_word' id='word_1_43' title='bbox 1265 982 1348 1041; x_wconf 91' lang='lat' dir='ltr'>illum</span> <span class='ocrx_word' id='word_1_44' title='bbox 1378 981 1524 1059; x_wconf 90' lang='lat' dir='ltr'>adeptum</span> 
     </span>
     <span class='ocr_line' id='line_1_6' title="bbox 191 1082 1526 1161; baseline 0 -19"><span class='ocrx_word' id='word_1_45' title='bbox 191 1085 332 1143; x_wconf 88' lang='lat' dir='ltr'>traditum</span> <span class='ocrx_word' id='word_1_46' title='bbox 353 1085 506 1143; x_wconf 90' lang='lat' dir='ltr'>habemus.</span> <span class='ocrx_word' id='word_1_47' title='bbox 543 1082 622 1144; x_wconf 89' lang='lat' dir='ltr'>Sane</span> <span class='ocrx_word' id='word_1_48' title='bbox 640 1084 877 1161; x_wconf 88' lang='lat' dir='ltr'>praepositorum</span> <span class='ocrx_word' id='word_1_49' title='bbox 892 1084 1010 1144; x_wconf 89' lang='lat' dir='ltr'>infimos</span> <span class='ocrx_word' id='word_1_50' title='bbox 1025 1084 1146 1161; x_wconf 74' lang='lat' dir='ltr'>gratim,</span> <span class='ocrx_word' id='word_1_51' title='bbox 1167 1092 1202 1143; x_wconf 89' lang='lat' dir='ltr'>ut</span> <span class='ocrx_word' id='word_1_52' title='bbox 1215 1085 1401 1144; x_wconf 84' lang='lat' dir='ltr'>centuriones</span> <span class='ocrx_word' id='word_1_53' title='bbox 1414 1083 1526 1143; x_wconf 90' lang='lat' dir='ltr'>cohor-</span> 
     </span>
     <span class='ocr_line' id='line_1_7' title="bbox 191 1184 1525 1263; baseline 0.001 -20"><span class='ocrx_word' id='word_1_54' title='bbox 191 1187 267 1244; x_wconf 85' lang='lat' dir='ltr'>tales</span> <span class='ocrx_word' id='word_1_55' title='bbox 294 1196 324 1244; x_wconf 93' lang='lat' dir='ltr'>et</span> <span class='ocrx_word' id='word_1_56' title='bbox 350 1187 445 1263; x_wconf 88' lang='lat' dir='ltr'>magis</span> <span class='ocrx_word' id='word_1_57' title='bbox 472 1186 563 1244; x_wconf 89' lang='lat' dir='ltr'>etiam</span> <span class='ocrx_word' id='word_1_58' title='bbox 591 1187 765 1244; x_wconf 90' lang='lat' dir='ltr'>decuriones</span> <span class='ocrx_word' id='word_1_59' title='bbox 792 1185 906 1244; x_wconf 88' lang='lat' dir='ltr'>alarum</span> <span class='ocrx_word' id='word_1_60' title='bbox 933 1186 990 1243; x_wconf 90' lang='lat' dir='ltr'>hoc</span> <span class='ocrx_word' id='word_1_61' title='bbox 1016 1187 1137 1246; x_wconf 90' lang='lat' dir='ltr'>nomine</span> <span class='ocrx_word' id='word_1_62' title='bbox 1163 1194 1225 1245; x_wconf 89' lang='lat' dir='ltr'>tum</span> <span class='ocrx_word' id='word_1_63' title='bbox 1252 1205 1319 1246; x_wconf 89' lang='lat' dir='ltr'>cum</span> <span class='ocrx_word' id='word_1_64' title='bbox 1344 1184 1525 1263; x_wconf 74' lang='lat' dir='ltr'>gregalibus</span> 
     </span>
     <span class='ocr_line' id='line_1_8' title="bbox 191 1288 1525 1365; baseline 0.001 -20"><span class='ocrx_word' id='word_1_65' title='bbox 191 1297 268 1345; x_wconf 88' lang='lat' dir='ltr'>recte</span> <span class='ocrx_word' id='word_1_66' title='bbox 291 1288 569 1363; x_wconf 86' lang='lat' dir='ltr'>aequiparabimus,</span> <span class='ocrx_word' id='word_1_67' title='bbox 598 1307 663 1344; x_wconf 92' lang='lat' dir='ltr'>curn</span> <span class='ocrx_word' id='word_1_68' title='bbox 692 1297 816 1364; x_wconf 90' lang='lat' dir='ltr'>apparet</span> <span class='ocrx_word' id='word_1_69' title='bbox 838 1298 961 1346; x_wconf 90' lang='lat' dir='ltr'>vocatos</span> <span class='ocrx_word' id='word_1_70' title='bbox 987 1306 1056 1346; x_wconf 89' lang='lat' dir='ltr'>esse</span> <span class='ocrx_word' id='word_1_71' title='bbox 1082 1288 1120 1347; x_wconf 88' lang='lat' dir='ltr'>ad</span> <span class='ocrx_word' id='word_1_72' title='bbox 1147 1308 1214 1347; x_wconf 92' lang='lat' dir='ltr'>eum</span> <span class='ocrx_word' id='word_1_73' title='bbox 1240 1288 1339 1365; x_wconf 91' lang='lat' dir='ltr'>ipsum</span> <span class='ocrx_word' id='word_1_74' title='bbox 1365 1306 1525 1348; x_wconf 85' lang='lat' dir='ltr'>nnmerum</span> 
     </span>
     <span class='ocr_line' id='line_1_9' title="bbox 190 1388 1526 1467; baseline 0.001 -21"><span class='ocrx_word' id='word_1_75' title='bbox 190 1389 368 1465; x_wconf 88' lang='lat' dir='ltr'>regendum,</span> <span class='ocrx_word' id='word_1_76' title='bbox 400 1389 511 1464; x_wconf 92' lang='lat' dir='ltr'>inquo</span> <span class='ocrx_word' id='word_1_77' title='bbox 533 1389 562 1445; x_wconf 94' lang='lat' dir='ltr'>iu</span> <span class='ocrx_word' id='word_1_78' title='bbox 585 1389 688 1447; x_wconf 87' lang='lat' dir='ltr'>ordine</span> <span class='ocrx_word' id='word_1_79' title='bbox 710 1397 887 1447; x_wconf 87' lang='lat' dir='ltr'>meruerant.</span> <span class='ocrx_word' id='word_1_80' title='bbox 935 1390 1040 1465; x_wconf 90' lang='lat' dir='ltr'>Itaque</span> <span class='ocrx_word' id='word_1_81' title='bbox 1060 1389 1125 1448; x_wconf 91' lang='lat' dir='ltr'>eius</span> <span class='ocrx_word' id='word_1_82' title='bbox 1151 1391 1270 1467; x_wconf 89' lang='lat' dir='ltr'>generis</span> <span class='ocrx_word' id='word_1_83' title='bbox 1295 1407 1421 1467; x_wconf 89' lang='lat' dir='ltr'>quorum</span> <span class='ocrx_word' id='word_1_84' title='bbox 1448 1388 1526 1447; x_wconf 84' lang='lat' dir='ltr'>mihi</span> 
     </span>
     <span class='ocr_line' id='line_1_10' title="bbox 191 1490 1526 1568; baseline 0.001 -20"><span class='ocrx_word' id='word_1_85' title='bbox 191 1491 278 1566; x_wconf 89' lang='lat' dir='ltr'>copia</span> <span class='ocrx_word' id='word_1_86' title='bbox 299 1500 363 1548; x_wconf 90' lang='lat' dir='ltr'>erat</span> <span class='ocrx_word' id='word_1_87' title='bbox 384 1509 507 1549; x_wconf 89' lang='lat' dir='ltr'>numero</span> <span class='ocrx_word' id='word_1_88' title='bbox 529 1509 695 1567; x_wconf 88' lang='lat' dir='ltr'>perpaucos</span> <span class='ocrx_word' id='word_1_89' title='bbox 718 1491 825 1548; x_wconf 88' lang='lat' dir='ltr'>admisi</span> <span class='ocrx_word' id='word_1_90' title='bbox 832 1511 840 1561; x_wconf 90' lang='lat'>;</span> <span class='ocrx_word' id='word_1_91' title='bbox 863 1508 914 1549; x_wconf 91' lang='lat' dir='ltr'>eos</span> <span class='ocrx_word' id='word_1_92' title='bbox 936 1503 1051 1562; x_wconf 90' lang='lat' dir='ltr'>autem,</span> <span class='ocrx_word' id='word_1_93' title='bbox 1074 1508 1151 1567; x_wconf 90' lang='lat' dir='ltr'>quos</span> <span class='ocrx_word' id='word_1_94' title='bbox 1172 1491 1293 1567; x_wconf 85' lang='lat' dir='ltr'>patebat</span> <span class='ocrx_word' id='word_1_95' title='bbox 1313 1490 1432 1550; x_wconf 87' lang='lat' dir='ltr'>aliunde</span> <span class='ocrx_word' id='word_1_96' title='bbox 1452 1509 1526 1568; x_wconf 88' lang='lat' dir='ltr'>pro·</span> 
     </span>
     <span class='ocr_line' id='line_1_11' title="bbox 190 1590 1527 1670; baseline 0 -21"><span class='ocrx_word' id='word_1_97' title='bbox 190 1591 285 1650; x_wconf 85' lang='lat' dir='ltr'>factos</span> <span class='ocrx_word' id='word_1_98' title='bbox 308 1592 453 1651; x_wconf 89' lang='lat' dir='ltr'>militibus</span> <span class='ocrx_word' id='word_1_99' title='bbox 475 1592 522 1650; x_wconf 90' lang='lat' dir='ltr'>his</span> <span class='ocrx_word' id='word_1_100' title='bbox 545 1593 592 1649; x_wconf 82' lang='lat' dir='ltr'>rel</span> <span class='ocrx_word' id='word_1_101' title='bbox 615 1592 675 1650; x_wconf 89' lang='lat' dir='ltr'>illis</span> <span class='ocrx_word' id='word_1_102' title='bbox 698 1593 887 1669; x_wconf 90' lang='lat' dir='ltr'>praepositos</span> <span class='ocrx_word' id='word_1_103' title='bbox 910 1611 989 1664; x_wconf 88' lang='lat' dir='ltr'>esse,</span> <span class='ocrx_word' id='word_1_104' title='bbox 1011 1593 1117 1670; x_wconf 91' lang='lat' dir='ltr'>procul</span> <span class='ocrx_word' id='word_1_105' title='bbox 1138 1593 1236 1652; x_wconf 90' lang='lat' dir='ltr'>habui.</span> <span class='ocrx_word' id='word_1_106' title='bbox 1281 1590 1402 1666; x_wconf 82' lang='lat' dir='ltr'>Quanta</span> <span class='ocrx_word' id='word_1_107' title='bbox 1423 1592 1527 1652; x_wconf 82' lang='lat' dir='ltr'>diver·</span> 
     </span>
     <span class='ocr_line' id='line_1_12' title="bbox 191 1694 1526 1772; baseline 0.001 -21"><span class='ocrx_word' id='word_1_108' title='bbox 191 1694 266 1751; x_wconf 90' lang='lat' dir='ltr'>sitas</span> <span class='ocrx_word' id='word_1_109' title='bbox 289 1704 401 1765; x_wconf 90' lang='lat' dir='ltr'>autem,</span> <span class='ocrx_word' id='word_1_110' title='bbox 429 1694 603 1769; x_wconf 87' lang='lat' dir='ltr'>praesertim</span> <span class='ocrx_word' id='word_1_111' title='bbox 626 1694 675 1751; x_wconf 91' lang='lat' dir='ltr'>ubi</span> <span class='ocrx_word' id='word_1_112' title='bbox 698 1694 734 1752; x_wconf 84' lang='lat' dir='ltr'>de</span> <span class='ocrx_word' id='word_1_113' title='bbox 760 1695 874 1769; x_wconf 87' lang='lat' dir='ltr'>origiue</span> <span class='ocrx_word' id='word_1_114' title='bbox 900 1695 1012 1772; x_wconf 89' lang='lat' dir='ltr'>agitur,</span> <span class='ocrx_word' id='word_1_115' title='bbox 1038 1694 1203 1753; x_wconf 90' lang='lat' dir='ltr'>intercedat</span> <span class='ocrx_word' id='word_1_116' title='bbox 1227 1696 1305 1753; x_wconf 91' lang='lat' dir='ltr'>inter</span> <span class='ocrx_word' id='word_1_117' title='bbox 1331 1694 1526 1753; x_wconf 87' lang='lat' dir='ltr'>centuriones</span> 
     </span>
     <span class='ocr_line' id='line_1_13' title="bbox 190 1794 1527 1875; baseline 0 -22"><span class='ocrx_word' id='word_1_118' title='bbox 190 1795 371 1871; x_wconf 89' lang='lat' dir='ltr'>legionarios</span> <span class='ocrx_word' id='word_1_119' title='bbox 397 1795 589 1871; x_wconf 90' lang='lat' dir='ltr'>reliquosque</span> <span class='ocrx_word' id='word_1_120' title='bbox 615 1795 672 1852; x_wconf 94' lang='lat' dir='ltr'>loci</span> <span class='ocrx_word' id='word_1_121' title='bbox 699 1795 871 1871; x_wconf 82' lang='lat' dir='ltr'>insignioris</span> <span class='ocrx_word' id='word_1_122' title='bbox 898 1806 927 1854; x_wconf 94' lang='lat' dir='ltr'>et</span> <span class='ocrx_word' id='word_1_123' title='bbox 957 1796 1066 1855; x_wconf 87' lang='lat' dir='ltr'>milites</span> <span class='ocrx_word' id='word_1_124' title='bbox 1094 1796 1244 1875; x_wconf 85' lang='lat' dir='ltr'>gregales,</span> <span class='ocrx_word' id='word_1_125' title='bbox 1275 1794 1343 1855; x_wconf 89' lang='lat' dir='ltr'>inde</span> <span class='ocrx_word' id='word_1_126' title='bbox 1374 1794 1527 1874; x_wconf 83' lang='lat' dir='ltr'>intellegi·</span> 
     </span>
     <span class='ocr_line' id='line_1_14' title="bbox 192 1895 1528 1974; baseline 0.001 -19"><span class='ocrx_word' id='word_1_127' title='bbox 192 1905 253 1968; x_wconf 90' lang='lat' dir='ltr'>tur,</span> <span class='ocrx_word' id='word_1_128' title='bbox 280 1897 374 1972; x_wconf 90' lang='lat' dir='ltr'>qnod,</span> <span class='ocrx_word' id='word_1_129' title='bbox 402 1916 468 1955; x_wconf 94' lang='lat' dir='ltr'>cum</span> <span class='ocrx_word' id='word_1_130' title='bbox 495 1897 593 1955; x_wconf 90' lang='lat' dir='ltr'>Italici</span> <span class='ocrx_word' id='word_1_131' title='bbox 621 1898 785 1973; x_wconf 87' lang='lat' dir='ltr'>imperante</span> <span class='ocrx_word' id='word_1_132' title='bbox 804 1896 995 1974; x_wconf 82' lang='lat' dir='ltr'>Vespasiano</span> <span class='ocrx_word' id='word_1_133' title='bbox 1025 1896 1072 1972; x_wconf 89' lang='lat' dir='ltr'>(ut</span> <span class='ocrx_word' id='word_1_134' title='bbox 1098 1897 1170 1956; x_wconf 84' lang='lat' dir='ltr'>alibi</span> <span class='ocrx_word' id='word_1_135' title='bbox 1196 1896 1367 1973; x_wconf 87' lang='lat' dir='ltr'>ostendam)</span> <span class='ocrx_word' id='word_1_136' title='bbox 1393 1895 1528 1956; x_wconf 86' lang='lat' dir='ltr'>militare</span> 
     </span>
     <span class='ocr_line' id='line_1_15' title="bbox 191 1995 1529 2076; baseline 0.001 -21"><span class='ocrx_word' id='word_1_137' title='bbox 191 1998 342 2070; x_wconf 89' lang='lat' dir='ltr'>desierint,</span> <span class='ocrx_word' id='word_1_138' title='bbox 365 1998 395 2056; x_wconf 94' lang='lat' dir='ltr'>id</span> <span class='ocrx_word' id='word_1_139' title='bbox 418 1999 455 2056; x_wconf 90' lang='lat' dir='ltr'>ad</span> <span class='ocrx_word' id='word_1_140' title='bbox 477 1999 665 2057; x_wconf 92' lang='lat' dir='ltr'>centuriones</span> <span class='ocrx_word' id='word_1_141' title='bbox 689 1998 770 2057; x_wconf 92' lang='lat' dir='ltr'>nullo</span> <span class='ocrx_word' id='word_1_142' title='bbox 794 2000 883 2057; x_wconf 93' lang='lat' dir='ltr'>modo</span> <span class='ocrx_word' id='word_1_143' title='bbox 906 1995 1089 2076; x_wconf 84' lang='lat' dir='ltr'>pervenit¹).</span> <span class='ocrx_word' id='word_1_144' title='bbox 1126 1998 1259 2059; x_wconf 89' lang='lat' dir='ltr'>Habebit</span> <span class='ocrx_word' id='word_1_145' title='bbox 1280 1998 1401 2057; x_wconf 92' lang='lat' dir='ltr'>omuino</span> <span class='ocrx_word' id='word_1_146' title='bbox 1416 1998 1529 2057; x_wconf 88' lang='lat' dir='ltr'>harum</span> 
     </span>
    </p>
   </div>
   <div class='ocr_carea' id='block_1_3' title="bbox 183 2215 1594 5224">
    <p class='ocr_par' dir='ltr' id='par_1_3' title="bbox 183 2215 1594 5224">
     <span class='ocr_line' id='line_1_16' title="bbox 249 2215 1528 2285; baseline 0.002 -16"><span class='ocrx_word' id='word_1_147' title='bbox 249 2215 273 2279; x_wconf 92' lang='lat'>¹)</span> <span class='ocrx_word' id='word_1_148' title='bbox 292 2219 353 2269; x_wconf 85' lang='lat' dir='ltr'>Nun</span> <span class='ocrx_word' id='word_1_149' title='bbox 376 2218 422 2269; x_wconf 89' lang='lat' dir='ltr'>abs</span> <span class='ocrx_word' id='word_1_150' title='bbox 444 2235 472 2269; x_wconf 89' lang='lat' dir='ltr'>re</span> <span class='ocrx_word' id='word_1_151' title='bbox 497 2226 535 2269; x_wconf 92' lang='lat' dir='ltr'>est</span> <span class='ocrx_word' id='word_1_152' title='bbox 558 2220 686 2270; x_wconf 87' lang='lat' dir='ltr'>diversam</span> <span class='ocrx_word' id='word_1_153' title='bbox 710 2221 886 2271; x_wconf 87' lang='lat' dir='ltr'>centurionum</span> <span class='ocrx_word' id='word_1_154' title='bbox 913 2229 939 2270; x_wconf 88' lang='lat' dir='ltr'>et</span> <span class='ocrx_word' id='word_1_155' title='bbox 964 2221 1075 2271; x_wconf 90' lang='lat' dir='ltr'>militum</span> <span class='ocrx_word' id='word_1_156' title='bbox 1099 2219 1300 2285; x_wconf 85' lang='lat' dir='ltr'>legionariorum</span> <span class='ocrx_word' id='word_1_157' title='bbox 1324 2218 1452 2285; x_wconf 83' lang='lat' dir='ltr'>originem</span> <span class='ocrx_word' id='word_1_158' title='bbox 1476 2219 1528 2271; x_wconf 88' lang='lat' dir='ltr'>sii·</span> 
     </span>
     <span class='ocr_line' id='line_1_17' title="bbox 192 2311 1529 2377; baseline 0.001 -17"><span class='ocrx_word' id='word_1_159' title='bbox 192 2318 317 2375; x_wconf 89' lang='lat' dir='ltr'>qnatenus</span> <span class='ocrx_word' id='word_1_160' title='bbox 336 2312 464 2362; x_wconf 89' lang='lat' dir='ltr'>illustrare</span> <span class='ocrx_word' id='word_1_161' title='bbox 483 2312 608 2376; x_wconf 83' lang='lat' dir='ltr'>exemplis</span> <span class='ocrx_word' id='word_1_162' title='bbox 628 2313 714 2377; x_wconf 90' lang='lat' dir='ltr'>petitis</span> <span class='ocrx_word' id='word_1_163' title='bbox 734 2314 846 2363; x_wconf 80' lang='lat' dir='ltr'>maxime</span> <span class='ocrx_word' id='word_1_164' title='bbox 865 2328 882 2362; x_wconf 94' lang='lat' dir='ltr'>a</span> <span class='ocrx_word' id='word_1_165' title='bbox 900 2314 1002 2377; x_wconf 87' lang='lat' dir='ltr'>legione</span> <span class='ocrx_word' id='word_1_166' title='bbox 1022 2312 1148 2363; x_wconf 74' lang='lat' dir='ltr'>Africana</span> <span class='ocrx_word' id='word_1_167' title='bbox 1166 2311 1296 2376; x_wconf 88' lang='lat' dir='ltr'>titulisque</span> <span class='ocrx_word' id='word_1_168' title='bbox 1308 2311 1529 2363; x_wconf 85' lang='lat' dir='ltr'>Lsmbeeeitanis.</span> 
     </span>
     <span class='ocr_line' id='line_1_18' title="bbox 191 2402 1530 2469; baseline 0.001 -18"><span class='ocrx_word' id='word_1_169' title='bbox 191 2402 393 2453; x_wconf 87' lang='lat' dir='ltr'>Perreuiebatur</span> <span class='ocrx_word' id='word_1_170' title='bbox 412 2404 445 2453; x_wconf 90' lang='lat' dir='ltr'>ad</span> <span class='ocrx_word' id='word_1_171' title='bbox 465 2405 670 2454; x_wconf 87' lang='lat' dir='ltr'>centurionatum</span> <span class='ocrx_word' id='word_1_172' title='bbox 689 2406 860 2468; x_wconf 87' lang='lat' dir='ltr'>legionarium</span> <span class='ocrx_word' id='word_1_173' title='bbox 879 2405 974 2469; x_wconf 87' lang='lat' dir='ltr'>triplici</span> <span class='ocrx_word' id='word_1_174' title='bbox 994 2406 1044 2466; x_wconf 86' lang='lat' dir='ltr'>via,</span> <span class='ocrx_word' id='word_1_175' title='bbox 1068 2411 1113 2455; x_wconf 88' lang='lat' dir='ltr'>aut</span> <span class='ocrx_word' id='word_1_176' title='bbox 1131 2418 1178 2468; x_wconf 88' lang='lat' dir='ltr'>par</span> <span class='ocrx_word' id='word_1_177' title='bbox 1196 2402 1369 2468; x_wconf 83' lang='lat' dir='ltr'>stipendiata</span> <span class='ocrx_word' id='word_1_178' title='bbox 1388 2403 1530 2469; x_wconf 72' lang='lat' dir='ltr'>provincis</span> 
     </span>
     <span class='ocr_line' id='line_1_19' title="bbox 191 2494 1519 2561; baseline 0.001 -17"><span class='ocrx_word' id='word_1_179' title='bbox 191 2494 266 2554; x_wconf 83' lang='lat' dir='ltr'>iacta,</span> <span class='ocrx_word' id='word_1_180' title='bbox 287 2496 401 2545; x_wconf 80' lang='lat' dir='ltr'>maxime</span> <span class='ocrx_word' id='word_1_181' title='bbox 421 2496 571 2560; x_wconf 81' lang='lat' dir='ltr'>legionaris,</span> <span class='ocrx_word' id='word_1_182' title='bbox 592 2497 676 2546; x_wconf 89' lang='lat' dir='ltr'>rarius</span> <span class='ocrx_word' id='word_1_183' title='bbox 694 2511 741 2561; x_wconf 90' lang='lat' dir='ltr'>per</span> <span class='ocrx_word' id='word_1_184' title='bbox 759 2497 842 2546; x_wconf 85' lang='lat' dir='ltr'>aleria</span> <span class='ocrx_word' id='word_1_185' title='bbox 862 2497 901 2546; x_wconf 88' lang='lat' dir='ltr'>rel</span> <span class='ocrx_word' id='word_1_186' title='bbox 920 2497 1071 2558; x_wconf 79' lang='lat' dir='ltr'>cohortalis,</span> <span class='ocrx_word' id='word_1_187' title='bbox 1091 2504 1137 2547; x_wconf 88' lang='lat' dir='ltr'>ant</span> <span class='ocrx_word' id='word_1_188' title='bbox 1155 2510 1201 2561; x_wconf 90' lang='lat' dir='ltr'>per</span> <span class='ocrx_word' id='word_1_189' title='bbox 1219 2495 1460 2560; x_wconf 84' lang='lat' dir='ltr'>stipendianrbica,</span> <span class='ocrx_word' id='word_1_190' title='bbox 1481 2509 1519 2545; x_wconf 85' lang='lat' dir='ltr'>sn</span> 
     </span>
     <span class='ocr_line' id='line_1_20' title="bbox 191 2587 1533 2654; baseline -0.004 -14"><span class='ocrx_word' id='word_1_191' title='bbox 191 2588 263 2640; x_wconf 89' lang='lat' dir='ltr'>nulla</span> <span class='ocrx_word' id='word_1_192' title='bbox 281 2588 373 2637; x_wconf 92' lang='lat' dir='ltr'>militia</span> <span class='ocrx_word' id='word_1_193' title='bbox 390 2588 487 2652; x_wconf 88' lang='lat' dir='ltr'>gregali</span> <span class='ocrx_word' id='word_1_194' title='bbox 506 2596 609 2652; x_wconf 88' lang='lat' dir='ltr'>peracta</span> <span class='ocrx_word' id='word_1_195' title='bbox 626 2588 716 2638; x_wconf 82' lang='lat' dir='ltr'>favore</span> <span class='ocrx_word' id='word_1_196' title='bbox 736 2595 761 2637; x_wconf 88' lang='lat' dir='ltr'>et</span> <span class='ocrx_word' id='word_1_197' title='bbox 778 2588 914 2638; x_wconf 88' lang='lat' dir='ltr'>natalibus.</span> <span class='ocrx_word' id='word_1_198' title='bbox 956 2590 1013 2640; x_wconf 86' lang='lat' dir='ltr'>Hoc</span> <span class='ocrx_word' id='word_1_199' title='bbox 1030 2588 1164 2654; x_wconf 86' lang='lat' dir='ltr'>probabile</span> <span class='ocrx_word' id='word_1_200' title='bbox 1186 2595 1225 2637; x_wconf 88' lang='lat' dir='ltr'>est</span> <span class='ocrx_word' id='word_1_201' title='bbox 1249 2587 1329 2637; x_wconf 83' lang='lat' dir='ltr'>abusu</span> <span class='ocrx_word' id='word_1_202' title='bbox 1350 2588 1533 2652; x_wconf 83' lang='lat' dir='ltr'>potissimnmt</span> 
     </span>
     <span class='ocr_line' id='line_1_21' title="bbox 191 2678 1530 2745; baseline 0 -16"><span class='ocrx_word' id='word_1_203' title='bbox 191 2680 341 2739; x_wconf 82' lang='lat' dir='ltr'>invaluisse,</span> <span class='ocrx_word' id='word_1_204' title='bbox 368 2681 540 2745; x_wconf 90' lang='lat' dir='ltr'>pertinuitquc</span> <span class='ocrx_word' id='word_1_205' title='bbox 564 2680 673 2729; x_wconf 83' lang='lat' dir='ltr'>fortasse</span> <span class='ocrx_word' id='word_1_206' title='bbox 696 2682 846 2744; x_wconf 89' lang='lat' dir='ltr'>praesertim</span> <span class='ocrx_word' id='word_1_207' title='bbox 869 2680 903 2730; x_wconf 90' lang='lat' dir='ltr'>ad</span> <span class='ocrx_word' id='word_1_208' title='bbox 927 2695 986 2741; x_wconf 88' lang='lat' dir='ltr'>eos,</span> <span class='ocrx_word' id='word_1_209' title='bbox 1016 2681 1060 2745; x_wconf 89' lang='lat' dir='ltr'>qui</span> <span class='ocrx_word' id='word_1_210' title='bbox 1081 2694 1114 2730; x_wconf 84' lang='lat' dir='ltr'>ex</span> <span class='ocrx_word' id='word_1_211' title='bbox 1138 2680 1249 2744; x_wconf 87' lang='lat' dir='ltr'>equestri</span> <span class='ocrx_word' id='word_1_212' title='bbox 1274 2679 1366 2729; x_wconf 90' lang='lat' dir='ltr'>ordine</span> <span class='ocrx_word' id='word_1_213' title='bbox 1390 2678 1530 2729; x_wconf 82' lang='lat' dir='ltr'>venientes</span> 
     </span>
     <span class='ocr_line' id='line_1_22' title="bbox 192 2768 1530 2837; baseline 0.001 -17"><span class='ocrx_word' id='word_1_214' title='bbox 192 2771 292 2821; x_wconf 89' lang='lat' dir='ltr'>reddito</span> <span class='ocrx_word' id='word_1_215' title='bbox 312 2787 378 2836; x_wconf 89' lang='lat' dir='ltr'>equo</span> <span class='ocrx_word' id='word_1_216' title='bbox 397 2771 500 2836; x_wconf 91' lang='lat' dir='ltr'>publico</span> <span class='ocrx_word' id='word_1_217' title='bbox 520 2772 682 2821; x_wconf 86' lang='lat' dir='ltr'>centuriones</span> <span class='ocrx_word' id='word_1_218' title='bbox 702 2771 763 2820; x_wconf 83' lang='lat' dir='ltr'>facti</span> <span class='ocrx_word' id='word_1_219' title='bbox 779 2780 846 2821; x_wconf 92' lang='lat' dir='ltr'>sunt.</span> <span class='ocrx_word' id='word_1_220' title='bbox 878 2772 922 2822; x_wconf 81' lang='lat' dir='ltr'>Ad</span> <span class='ocrx_word' id='word_1_221' title='bbox 936 2786 975 2834; x_wconf 90' lang='lat' dir='ltr'>sa,</span> <span class='ocrx_word' id='word_1_222' title='bbox 995 2786 1060 2837; x_wconf 90' lang='lat' dir='ltr'>quae</span> <span class='ocrx_word' id='word_1_223' title='bbox 1073 2771 1105 2822; x_wconf 92' lang='lat' dir='ltr'>de</span> <span class='ocrx_word' id='word_1_224' title='bbox 1119 2771 1160 2822; x_wconf 92' lang='lat' dir='ltr'>his</span> <span class='ocrx_word' id='word_1_225' title='bbox 1172 2771 1294 2821; x_wconf 81' lang='lat' dir='ltr'>adnotavi</span> <span class='ocrx_word' id='word_1_226' title='bbox 1307 2771 1336 2821; x_wconf 88' lang='lat' dir='ltr'>in</span> <span class='ocrx_word' id='word_1_227' title='bbox 1346 2770 1397 2821; x_wconf 89' lang='lat' dir='ltr'>hac</span> <span class='ocrx_word' id='word_1_228' title='bbox 1405 2768 1477 2835; x_wconf 77' lang='lat' dir='ltr'>spe.</span> <span class='ocrx_word' id='word_1_229' title='bbox 1487 2770 1530 2821; x_wconf 86' lang='lat' dir='ltr'>1v</span> 
     </span>
     <span class='ocr_line' id='line_1_23' title="bbox 192 2861 1528 2928; baseline 0.001 -17"><span class='ocrx_word' id='word_1_230' title='bbox 192 2878 217 2927; x_wconf 90' lang='lat' dir='ltr'>p.</span> <span class='ocrx_word' id='word_1_231' title='bbox 232 2862 295 2923; x_wconf 84' lang='grc'><strong>735)</strong></span> <span class='ocrx_word' id='word_1_232' title='bbox 319 2865 371 2913; x_wconf 89' lang='lat' dir='ltr'>iam</span> <span class='ocrx_word' id='word_1_233' title='bbox 390 2862 459 2913; x_wconf 91' lang='lat' dir='ltr'>addo</span> <span class='ocrx_word' id='word_1_234' title='bbox 478 2864 581 2913; x_wconf 91' lang='lat' dir='ltr'>titulum</span> <span class='ocrx_word' id='word_1_235' title='bbox 604 2878 686 2927; x_wconf 89' lang='lat' dir='ltr'>nuper</span> <span class='ocrx_word' id='word_1_236' title='bbox 705 2872 833 2927; x_wconf 90' lang='lat' dir='ltr'>repertum</span> <span class='ocrx_word' id='word_1_237' title='bbox 851 2866 878 2914; x_wconf 90' lang='lat' dir='ltr'>in</span> <span class='ocrx_word' id='word_1_238' title='bbox 898 2863 991 2913; x_wconf 80' lang='lat' dir='ltr'>Africa</span> <span class='ocrx_word' id='word_1_239' title='bbox 1015 2877 1095 2928; x_wconf 87' lang='lat' dir='ltr'>prope</span> <span class='ocrx_word' id='word_1_240' title='bbox 1114 2862 1240 2916; x_wconf 86' lang='lat' dir='ltr'>Simitthu</span> <span class='ocrx_word' id='word_1_241' title='bbox 1257 2877 1274 2913; x_wconf 87' lang='lat' dir='ltr'>a</span> <span class='ocrx_word' id='word_1_242' title='bbox 1292 2861 1408 2927; x_wconf 78' lang='lat' dir='ltr'>Cognato</span> <span class='ocrx_word' id='word_1_243' title='bbox 1433 2869 1462 2912; x_wconf 87' lang='lat' dir='ltr'>et</span> <span class='ocrx_word' id='word_1_244' title='bbox 1485 2862 1528 2913; x_wconf 87' lang='lat' dir='ltr'>in·</span> 
     </span>
     <span class='ocr_line' id='line_1_24' title="bbox 192 2949 1528 3021; baseline 0.001 -17"><span class='ocrx_word' id='word_1_245' title='bbox 192 2962 286 3004; x_wconf 88' lang='lat' dir='ltr'>sertum</span> <span class='ocrx_word' id='word_1_246' title='bbox 306 2955 452 3005; x_wconf 88' lang='lat' dir='ltr'>uberrimae</span> <span class='ocrx_word' id='word_1_247' title='bbox 474 2956 527 3004; x_wconf 88' lang='lat' dir='ltr'>cius</span> <span class='ocrx_word' id='word_1_248' title='bbox 547 2956 666 3004; x_wconf 88' lang='lat' dir='ltr'>relationi</span> <span class='ocrx_word' id='word_1_249' title='bbox 685 2956 867 3019; x_wconf 64' lang='lat' dir='ltr'>alteritate:</span> <span class='ocrx_word' id='word_1_250' title='bbox 896 2952 923 3004; x_wconf 80' lang='grc' dir='ltr'>Ο.</span> <span class='ocrx_word' id='word_1_251' title='bbox 939 2952 1043 3005; x_wconf 83' lang='lat' dir='ltr'>Octauio</span> <span class='ocrx_word' id='word_1_252' title='bbox 1059 2949 1089 3013; x_wconf 82' lang='lat' dir='ltr'>Q.</span> <span class='ocrx_word' id='word_1_253' title='bbox 1103 2953 1144 3021; x_wconf 80' lang='lat' dir='ltr'>fil.</span> <span class='ocrx_word' id='word_1_254' title='bbox 1168 2951 1267 3004; x_wconf 75' lang='lat' dir='ltr'>Comaei.</span> <span class='ocrx_word' id='word_1_255' title='bbox 1286 2951 1455 3005; x_wconf 71' lang='lat' dir='ltr'>Honorotoi</span> <span class='ocrx_word' id='word_1_256' title='bbox 1478 2952 1528 3005; x_wconf 79' lang='lat' dir='ltr'>nd·</span> 
     </span>
     <span class='ocr_line' id='line_1_25' title="bbox 193 3042 1527 3113; baseline 0 -17"><span class='ocrx_word' id='word_1_257' title='bbox 193 3046 254 3098; x_wconf 84' lang='lat' dir='ltr'>lecto</span> <span class='ocrx_word' id='word_1_258' title='bbox 274 3061 304 3096; x_wconf 79' lang='lat' dir='ltr'>ec</span> <span class='ocrx_word' id='word_1_259' title='bbox 327 3046 427 3112; x_wconf 82' lang='lat' dir='ltr'>eq(uite)</span> <span class='ocrx_word' id='word_1_260' title='bbox 447 3046 581 3109; x_wconf 63' lang='lat' dir='ltr'>Mamerto)</span> <span class='ocrx_word' id='word_1_261' title='bbox 606 3064 622 3096; x_wconf 88' lang='lat' dir='ltr'>a</span> <span class='ocrx_word' id='word_1_262' title='bbox 641 3045 700 3096; x_wconf 81' lang='lat' dir='ltr'>diuo</span> <span class='ocrx_word' id='word_1_263' title='bbox 721 3045 769 3097; x_wconf 80' lang='lat' dir='ltr'>Pio</span> <span class='ocrx_word' id='word_1_264' title='bbox 789 3048 815 3095; x_wconf 87' lang='lat' dir='ltr'>iu</span> <span class='ocrx_word' id='word_1_265' title='bbox 835 3046 882 3112; x_wconf 79' lang='lat' dir='ltr'>leg.</span> <span class='ocrx_word' id='word_1_266' title='bbox 896 3044 931 3095; x_wconf 89' lang='lat' dir='ltr'>II</span> <span class='ocrx_word' id='word_1_267' title='bbox 947 3046 1028 3113; x_wconf 61' lang='lat' dir='ltr'>Aua,</span> <span class='ocrx_word' id='word_1_268' title='bbox 1050 3049 1064 3091; x_wconf 82' lang='lat'>⁷</span> <span class='ocrx_word' id='word_1_269' title='bbox 1085 3045 1133 3111; x_wconf 71' lang='lat' dir='ltr'>leg.</span> <span class='ocrx_word' id='word_1_270' title='bbox 1151 3042 1208 3096; x_wconf 69' lang='lat'>1⁷11</span> <span class='ocrx_word' id='word_1_271' title='bbox 1226 3042 1349 3097; x_wconf 82' lang='lat' dir='ltr'>Claudiae</span> <span class='ocrx_word' id='word_1_272' title='bbox 1361 3044 1426 3112; x_wconf 81' lang='lat' dir='ltr'>piae</span> <span class='ocrx_word' id='word_1_273' title='bbox 1437 3043 1527 3112; x_wconf 67' lang='lat' dir='ltr'>fidei,</span> 
     </span>
     <span class='ocr_line' id='line_1_26' title="bbox 191 3134 1527 3205; baseline 0.002 -21"><span class='ocrx_word' id='word_1_274' title='bbox 191 3142 205 3184; x_wconf 85' lang='grc'><strong>7</strong></span> <span class='ocrx_word' id='word_1_275' title='bbox 228 3138 276 3205; x_wconf 71' lang='lat' dir='ltr'>leq.</span> <span class='ocrx_word' id='word_1_276' title='bbox 289 3135 361 3187; x_wconf 81' lang='lat' dir='ltr'>XVI</span> <span class='ocrx_word' id='word_1_277' title='bbox 377 3136 488 3188; x_wconf 81' lang='lat' dir='ltr'>Flauiae</span> <span class='ocrx_word' id='word_1_278' title='bbox 501 3138 621 3203; x_wconf 55' lang='lat' dir='ltr'>fidenae),</span> <span class='ocrx_word' id='word_1_279' title='bbox 642 3141 656 3183; x_wconf 82' lang='grc'><strong>7</strong></span> <span class='ocrx_word' id='word_1_280' title='bbox 677 3138 724 3204; x_wconf 73' lang='lat' dir='ltr'>leg.</span> <span class='ocrx_word' id='word_1_281' title='bbox 739 3135 767 3187; x_wconf 89' lang='grc' dir='ltr'><strong><em>Χ</em></strong></span> <span class='ocrx_word' id='word_1_282' title='bbox 787 3154 848 3204; x_wconf 70' lang='lat' dir='ltr'>gem.</span> <span class='ocrx_word' id='word_1_283' title='bbox 869 3153 899 3205; x_wconf 81' lang='lat' dir='ltr'>p.</span> <span class='ocrx_word' id='word_1_284' title='bbox 911 3137 937 3202; x_wconf 88' lang='lat' dir='ltr'>f.</span> <span class='ocrx_word' id='word_1_285' title='bbox 963 3136 1089 3199; x_wconf 91' lang='lat' dir='ltr'>(cohorte)</span> <span class='ocrx_word' id='word_1_286' title='bbox 1112 3134 1288 3205; x_wconf 60' lang='lat' dir='ltr'>Vpriucffiee)</span> <span class='ocrx_word' id='word_1_287' title='bbox 1310 3137 1459 3205; x_wconf 77' lang='lat' dir='ltr'>posteriori.</span> <span class='ocrx_word' id='word_1_288' title='bbox 1492 3165 1527 3175; x_wconf 89' lang='lat'><em>-</em></span> 
     </span>
     <span class='ocr_line' id='line_1_27' title="bbox 192 3229 1528 3295; baseline 0.001 -15"><span class='ocrx_word' id='word_1_289' title='bbox 192 3231 289 3280; x_wconf 87' lang='lat' dir='ltr'>Urbica</span> <span class='ocrx_word' id='word_1_290' title='bbox 307 3230 400 3280; x_wconf 89' lang='lat' dir='ltr'>militia</span> <span class='ocrx_word' id='word_1_291' title='bbox 418 3231 452 3281; x_wconf 89' lang='lat' dir='ltr'>ad</span> <span class='ocrx_word' id='word_1_292' title='bbox 472 3231 549 3279; x_wconf 83' lang='lat' dir='ltr'>vitem</span> <span class='ocrx_word' id='word_1_293' title='bbox 570 3230 690 3294; x_wconf 82' lang='lat' dir='ltr'>perduxit</span> <span class='ocrx_word' id='word_1_294' title='bbox 708 3230 763 3279; x_wconf 83' lang='lat' dir='ltr'>fero</span> <span class='ocrx_word' id='word_1_295' title='bbox 782 3245 828 3294; x_wconf 92' lang='lat' dir='ltr'>per</span> <span class='ocrx_word' id='word_1_296' title='bbox 845 3231 940 3294; x_wconf 88' lang='lat' dir='ltr'>gradus</span> <span class='ocrx_word' id='word_1_297' title='bbox 959 3230 1033 3291; x_wconf 87' lang='lat' dir='ltr'>dnos,</span> <span class='ocrx_word' id='word_1_298' title='bbox 1053 3237 1098 3279; x_wconf 90' lang='lat' dir='ltr'>ant</span> <span class='ocrx_word' id='word_1_299' title='bbox 1116 3229 1340 3280; x_wconf 86' lang='lat' dir='ltr'>corniculariatum</span> <span class='ocrx_word' id='word_1_300' title='bbox 1358 3229 1429 3295; x_wconf 85' lang='lat' dir='ltr'>apud</span> <span class='ocrx_word' id='word_1_301' title='bbox 1448 3243 1528 3293; x_wconf 81' lang='lat' dir='ltr'>prae·</span> 
     </span>
     <span class='ocr_line' id='line_1_28' title="bbox 192 3320 1528 3388; baseline -0.001 -15"><span class='ocrx_word' id='word_1_302' title='bbox 192 3322 272 3373; x_wconf 84' lang='lat' dir='ltr'>iectus</span> <span class='ocrx_word' id='word_1_303' title='bbox 290 3323 413 3388; x_wconf 87' lang='lat' dir='ltr'>praetorii</span> <span class='ocrx_word' id='word_1_304' title='bbox 438 3322 643 3371; x_wconf 89' lang='lat' dir='ltr'>administratum</span> <span class='ocrx_word' id='word_1_305' title='bbox 668 3324 701 3383; x_wconf 87' lang='lat' dir='ltr'>(v.</span> <span class='ocrx_word' id='word_1_306' title='bbox 723 3322 806 3372; x_wconf 87' lang='lat' dir='ltr'>Cauer</span> <span class='ocrx_word' id='word_1_307' title='bbox 830 3323 857 3371; x_wconf 89' lang='lat' dir='ltr'>in</span> <span class='ocrx_word' id='word_1_308' title='bbox 881 3322 930 3372; x_wconf 87' lang='lat' dir='ltr'>hac</span> <span class='ocrx_word' id='word_1_309' title='bbox 949 3322 1015 3385; x_wconf 83' lang='lat' dir='ltr'>lipb.</span> <span class='ocrx_word' id='word_1_310' title='bbox 1028 3322 1067 3371; x_wconf 93' lang='lat' dir='ltr'>1v</span> <span class='ocrx_word' id='word_1_311' title='bbox 1087 3337 1112 3386; x_wconf 88' lang='lat' dir='ltr'>p.</span> <span class='ocrx_word' id='word_1_312' title='bbox 1126 3321 1191 3381; x_wconf 79' lang='grc'><strong>475)</strong></span> <span class='ocrx_word' id='word_1_313' title='bbox 1216 3328 1261 3370; x_wconf 90' lang='lat' dir='ltr'>aut</span> <span class='ocrx_word' id='word_1_314' title='bbox 1283 3320 1465 3371; x_wconf 82' lang='lat' dir='ltr'>ernestionem</span> <span class='ocrx_word' id='word_1_315' title='bbox 1490 3322 1528 3383; x_wconf 85' lang='grc' dir='ltr'>(ι.</span> 
     </span>
     <span class='ocr_line' id='line_1_29' title="bbox 192 3411 1527 3479; baseline -0.004 -11"><span class='ocrx_word' id='word_1_316' title='bbox 192 3415 311 3468; x_wconf 89' lang='lat' dir='ltr'>Schmidt</span> <span class='ocrx_word' id='word_1_317' title='bbox 329 3416 356 3465; x_wconf 91' lang='lat' dir='ltr'>in</span> <span class='ocrx_word' id='word_1_318' title='bbox 374 3415 486 3464; x_wconf 86' lang='lat' dir='ltr'>Hermae</span> <span class='ocrx_word' id='word_1_319' title='bbox 505 3414 556 3464; x_wconf 86' lang='lat' dir='ltr'>vol.</span> <span class='ocrx_word' id='word_1_320' title='bbox 572 3416 606 3463; x_wconf 81' lang='grc'>11</span> <span class='ocrx_word' id='word_1_321' title='bbox 625 3431 651 3478; x_wconf 88' lang='lat' dir='ltr'>p.</span> <span class='ocrx_word' id='word_1_322' title='bbox 666 3415 717 3464; x_wconf 78' lang='lat'>345</span> <span class='ocrx_word' id='word_1_323' title='bbox 738 3428 853 3478; x_wconf 88' lang='lat' dir='ltr'>quaeque</span> <span class='ocrx_word' id='word_1_324' title='bbox 872 3427 950 3479; x_wconf 89' lang='lat' dir='ltr'>supra</span> <span class='ocrx_word' id='word_1_325' title='bbox 969 3413 1116 3463; x_wconf 84' lang='lat' dir='ltr'>dictasunt</span> <span class='ocrx_word' id='word_1_326' title='bbox 1134 3411 1253 3477; x_wconf 80' lang='lat' dir='ltr'>p.145);</span> <span class='ocrx_word' id='word_1_327' title='bbox 1273 3411 1305 3462; x_wconf 87' lang='lat' dir='ltr'>ab</span> <span class='ocrx_word' id='word_1_328' title='bbox 1325 3419 1433 3477; x_wconf 77' lang='lat' dir='ltr'>utroqrm</span> <span class='ocrx_word' id='word_1_329' title='bbox 1454 3412 1527 3463; x_wconf 86' lang='lat' dir='ltr'>enim</span> 
     </span>
     <span class='ocr_line' id='line_1_30' title="bbox 191 3502 1529 3572; baseline -0.001 -16"><span class='ocrx_word' id='word_1_330' title='bbox 191 3507 250 3556; x_wconf 92' lang='lat' dir='ltr'>loco</span> <span class='ocrx_word' id='word_1_331' title='bbox 269 3508 401 3572; x_wconf 83' lang='lat' dir='ltr'>proximus</span> <span class='ocrx_word' id='word_1_332' title='bbox 419 3506 515 3570; x_wconf 89' lang='lat' dir='ltr'>gradus</span> <span class='ocrx_word' id='word_1_333' title='bbox 534 3506 724 3556; x_wconf 88' lang='lat' dir='ltr'>centurionatus</span> <span class='ocrx_word' id='word_1_334' title='bbox 744 3506 900 3570; x_wconf 88' lang='lat' dir='ltr'>legionarius</span> <span class='ocrx_word' id='word_1_335' title='bbox 920 3521 975 3555; x_wconf 88' lang='lat' dir='ltr'>esse</span> <span class='ocrx_word' id='word_1_336' title='bbox 995 3506 1067 3555; x_wconf 89' lang='lat' dir='ltr'>solet.</span> <span class='ocrx_word' id='word_1_337' title='bbox 1104 3506 1176 3555; x_wconf 84' lang='lat' dir='ltr'>Haec</span> <span class='ocrx_word' id='word_1_338' title='bbox 1187 3504 1316 3568; x_wconf 86' lang='lat' dir='ltr'>promotio</span> <span class='ocrx_word' id='word_1_339' title='bbox 1329 3518 1388 3554; x_wconf 89' lang='lat' dir='ltr'>cnm</span> <span class='ocrx_word' id='word_1_340' title='bbox 1400 3502 1436 3554; x_wconf 84' lang='lat' dir='ltr'>ed</span> <span class='ocrx_word' id='word_1_341' title='bbox 1449 3516 1529 3569; x_wconf 82' lang='lat' dir='ltr'>pree·</span> 
     </span>
     <span class='ocr_line' id='line_1_31' title="bbox 183 3595 1528 3663; baseline 0 -16"><span class='ocrx_word' id='word_1_342' title='bbox 183 3600 305 3648; x_wconf 63' lang='lat' dir='ltr'>eterianus</span> <span class='ocrx_word' id='word_1_343' title='bbox 324 3599 487 3662; x_wconf 89' lang='lat' dir='ltr'>potissimum</span> <span class='ocrx_word' id='word_1_344' title='bbox 506 3599 645 3663; x_wconf 89' lang='lat' dir='ltr'>pertineat,</span> <span class='ocrx_word' id='word_1_345' title='bbox 669 3597 834 3647; x_wconf 86' lang='lat' dir='ltr'>inveniuntur</span> <span class='ocrx_word' id='word_1_346' title='bbox 854 3598 932 3646; x_wconf 88' lang='lat' dir='ltr'>etism</span> <span class='ocrx_word' id='word_1_347' title='bbox 951 3598 1112 3647; x_wconf 87' lang='lat' dir='ltr'>centuriones</span> <span class='ocrx_word' id='word_1_348' title='bbox 1130 3596 1266 3661; x_wconf 88' lang='lat' dir='ltr'>legionarii</span> <span class='ocrx_word' id='word_1_349' title='bbox 1284 3595 1394 3662; x_wconf 88' lang='lat' dir='ltr'>proiecti</span> <span class='ocrx_word' id='word_1_350' title='bbox 1412 3609 1448 3645; x_wconf 87' lang='lat' dir='ltr'>ex</span> <span class='ocrx_word' id='word_1_351' title='bbox 1468 3610 1528 3647; x_wconf 86' lang='lat' dir='ltr'>cor-</span> 
     </span>
     <span class='ocr_line' id='line_1_32' title="bbox 191 3686 1527 3754; baseline -0.001 -15"><span class='ocrx_word' id='word_1_352' title='bbox 191 3690 298 3754; x_wconf 91' lang='lat' dir='ltr'>poribus</span> <span class='ocrx_word' id='word_1_353' title='bbox 316 3691 427 3739; x_wconf 89' lang='lat' dir='ltr'>militnm</span> <span class='ocrx_word' id='word_1_354' title='bbox 446 3692 473 3738; x_wconf 90' lang='lat' dir='ltr'>in</span> <span class='ocrx_word' id='word_1_355' title='bbox 492 3689 570 3740; x_wconf 90' lang='lat' dir='ltr'>Italia</span> <span class='ocrx_word' id='word_1_356' title='bbox 589 3690 780 3740; x_wconf 87' lang='lat' dir='ltr'>consistentium</span> <span class='ocrx_word' id='word_1_357' title='bbox 800 3691 850 3738; x_wconf 89' lang='lat' dir='ltr'>loci</span> <span class='ocrx_word' id='word_1_358' title='bbox 869 3690 1012 3751; x_wconf 82' lang='lat' dir='ltr'>inferioris,</span> <span class='ocrx_word' id='word_1_359' title='bbox 1037 3696 1065 3738; x_wconf 91' lang='lat' dir='ltr'>ut</span> <span class='ocrx_word' id='word_1_360' title='bbox 1083 3688 1280 3739; x_wconf 88' lang='lat' dir='ltr'>cornicularium</span> <span class='ocrx_word' id='word_1_361' title='bbox 1299 3687 1405 3752; x_wconf 84' lang='lat' dir='ltr'>vigilum</span> <span class='ocrx_word' id='word_1_362' title='bbox 1423 3686 1527 3752; x_wconf 82' lang='lat' dir='ltr'>primns</span> 
     </span>
     <span class='ocr_line' id='line_1_33' title="bbox 192 3776 1527 3845; baseline -0.002 -14"><span class='ocrx_word' id='word_1_363' title='bbox 192 3780 297 3831; x_wconf 87' lang='lat' dir='ltr'>Marcus</span> <span class='ocrx_word' id='word_1_364' title='bbox 315 3782 351 3831; x_wconf 89' lang='lat' dir='ltr'>ita</span> <span class='ocrx_word' id='word_1_365' title='bbox 369 3783 497 3845; x_wconf 87' lang='lat' dir='ltr'>promovit</span> <span class='ocrx_word' id='word_1_366' title='bbox 520 3781 610 3841; x_wconf 90' lang='lat' dir='ltr'>(Orell.</span> <span class='ocrx_word' id='word_1_367' title='bbox 625 3780 719 3842; x_wconf 76' lang='lat'>3456),</span> <span class='ocrx_word' id='word_1_368' title='bbox 745 3783 805 3830; x_wconf 92' lang='lat' dir='ltr'>item</span> <span class='ocrx_word' id='word_1_369' title='bbox 825 3783 863 3831; x_wconf 90' lang='lat' dir='ltr'>sic</span> <span class='ocrx_word' id='word_1_370' title='bbox 880 3782 993 3845; x_wconf 91' lang='lat' dir='ltr'>promoti</span> <span class='ocrx_word' id='word_1_371' title='bbox 1016 3788 1076 3830; x_wconf 90' lang='lat' dir='ltr'>sunt</span> <span class='ocrx_word' id='word_1_372' title='bbox 1093 3779 1237 3830; x_wconf 87' lang='lat' dir='ltr'>navarchus</span> <span class='ocrx_word' id='word_1_373' title='bbox 1259 3778 1347 3829; x_wconf 84' lang='lat' dir='ltr'>classis</span> <span class='ocrx_word' id='word_1_374' title='bbox 1365 3776 1527 3829; x_wconf 77' lang='lat' dir='ltr'>Misenensis</span> 
     </span>
     <span class='ocr_line' id='line_1_34' title="bbox 193 3868 1524 3938; baseline -0.005 -16"><span class='ocrx_word' id='word_1_375' title='bbox 193 3871 234 3931; x_wconf 86' lang='lat' dir='ltr'>(C.</span> <span class='ocrx_word' id='word_1_376' title='bbox 246 3872 321 3934; x_wconf 90' lang='lat' dir='ltr'>VIII,</span> <span class='ocrx_word' id='word_1_377' title='bbox 343 3872 423 3935; x_wconf 86' lang='grc'><strong>1377)</strong></span> <span class='ocrx_word' id='word_1_378' title='bbox 444 3880 469 3923; x_wconf 94' lang='lat' dir='ltr'>et</span> <span class='ocrx_word' id='word_1_379' title='bbox 488 3875 531 3938; x_wconf 90' lang='lat' dir='ltr'>qui</span> <span class='ocrx_word' id='word_1_380' title='bbox 551 3882 696 3923; x_wconf 88' lang='lat' dir='ltr'>meruerant</span> <span class='ocrx_word' id='word_1_381' title='bbox 712 3876 778 3924; x_wconf 91' lang='lat' dir='ltr'>inter</span> <span class='ocrx_word' id='word_1_382' title='bbox 796 3874 893 3937; x_wconf 89' lang='lat' dir='ltr'>equites</span> <span class='ocrx_word' id='word_1_383' title='bbox 910 3873 1052 3937; x_wconf 85' lang='lat' dir='ltr'>singulares</span> <span class='ocrx_word' id='word_1_384' title='bbox 1076 3872 1166 3934; x_wconf 85' lang='lat' dir='ltr'>(c.11,</span> <span class='ocrx_word' id='word_1_385' title='bbox 1180 3872 1261 3922; x_wconf 78' lang='grc'><strong>4147.</strong></span> <span class='ocrx_word' id='word_1_386' title='bbox 1279 3870 1355 3933; x_wconf 86' lang='lat' dir='ltr'>vm,</span> <span class='ocrx_word' id='word_1_387' title='bbox 1374 3868 1469 3932; x_wconf 81' lang='grc'><strong>7817).</strong></span> <span class='ocrx_word' id='word_1_388' title='bbox 1488 3894 1524 3905; x_wconf 90' lang='lat'><em>-</em></span> 
     </span>
     <span class='ocr_line' id='line_1_35' title="bbox 192 3960 1526 4030; baseline -0.001 -17"><span class='ocrx_word' id='word_1_389' title='bbox 192 3962 312 4027; x_wconf 89' lang='lat' dir='ltr'>Denique</span> <span class='ocrx_word' id='word_1_390' title='bbox 331 3964 401 4029; x_wconf 93' lang='lat' dir='ltr'>quod</span> <span class='ocrx_word' id='word_1_391' title='bbox 421 3965 482 4015; x_wconf 90' lang='lat' dir='ltr'>olim</span> <span class='ocrx_word' id='word_1_392' title='bbox 501 3966 583 4015; x_wconf 89' lang='lat' dir='ltr'>solum</span> <span class='ocrx_word' id='word_1_393' title='bbox 604 3965 721 4026; x_wconf 91' lang='lat' dir='ltr'>obtinuit,</span> <span class='ocrx_word' id='word_1_394' title='bbox 741 3973 769 4017; x_wconf 90' lang='lat' dir='ltr'>ut</span> <span class='ocrx_word' id='word_1_395' title='bbox 787 3966 814 4014; x_wconf 92' lang='lat' dir='ltr'>iu</span> <span class='ocrx_word' id='word_1_396' title='bbox 834 3965 925 4015; x_wconf 90' lang='lat' dir='ltr'>ordine</span> <span class='ocrx_word' id='word_1_397' title='bbox 944 3966 987 4030; x_wconf 91' lang='lat' dir='ltr'>qui</span> <span class='ocrx_word' id='word_1_398' title='bbox 1005 3965 1147 4026; x_wconf 88' lang='lat' dir='ltr'>meruisset,</span> <span class='ocrx_word' id='word_1_399' title='bbox 1167 3963 1263 4014; x_wconf 90' lang='lat' dir='ltr'>deinde</span> <span class='ocrx_word' id='word_1_400' title='bbox 1275 3962 1393 4013; x_wconf 85' lang='lat' dir='ltr'>ordinem</span> <span class='ocrx_word' id='word_1_401' title='bbox 1407 3960 1526 4025; x_wconf 68' lang='lat' dir='ltr'>deremet,</span> 
     </span>
     <span class='ocr_line' id='line_1_36' title="bbox 192 4053 1527 4122; baseline 0.001 -19"><span class='ocrx_word' id='word_1_402' title='bbox 192 4055 220 4104; x_wconf 92' lang='lat' dir='ltr'>id</span> <span class='ocrx_word' id='word_1_403' title='bbox 240 4057 266 4105; x_wconf 92' lang='lat' dir='ltr'>in</span> <span class='ocrx_word' id='word_1_404' title='bbox 286 4057 437 4120; x_wconf 86' lang='lat' dir='ltr'>provinciali</span> <span class='ocrx_word' id='word_1_405' title='bbox 458 4072 559 4121; x_wconf 90' lang='lat' dir='ltr'>quoque</span> <span class='ocrx_word' id='word_1_406' title='bbox 577 4057 670 4106; x_wconf 89' lang='lat' dir='ltr'>militia</span> <span class='ocrx_word' id='word_1_407' title='bbox 689 4058 765 4107; x_wconf 89' lang='lat' dir='ltr'>etiam</span> <span class='ocrx_word' id='word_1_408' title='bbox 783 4065 875 4122; x_wconf 84' lang='lat' dir='ltr'>postea</span> <span class='ocrx_word' id='word_1_409' title='bbox 888 4059 991 4118; x_wconf 87' lang='lat' dir='ltr'>mansit,</span> <span class='ocrx_word' id='word_1_410' title='bbox 1010 4064 1038 4106; x_wconf 89' lang='lat' dir='ltr'>ut</span> <span class='ocrx_word' id='word_1_411' title='bbox 1050 4056 1118 4106; x_wconf 91' lang='lat' dir='ltr'>inter</span> <span class='ocrx_word' id='word_1_412' title='bbox 1130 4056 1196 4105; x_wconf 88' lang='lat' dir='ltr'>alios</span> <span class='ocrx_word' id='word_1_413' title='bbox 1208 4054 1346 4106; x_wconf 87' lang='lat' dir='ltr'>ostendunt</span> <span class='ocrx_word' id='word_1_414' title='bbox 1358 4053 1527 4105; x_wconf 83' lang='lat' dir='ltr'>centuriones</span> 
     </span>
     <span class='ocr_line' id='line_1_37' title="bbox 193 4144 1529 4210; baseline -0.001 -14"><span class='ocrx_word' id='word_1_415' title='bbox 193 4149 320 4198; x_wconf 84' lang='lat' dir='ltr'>exercitus</span> <span class='ocrx_word' id='word_1_416' title='bbox 339 4148 458 4198; x_wconf 82' lang='lat' dir='ltr'>Africani</span> <span class='ocrx_word' id='word_1_417' title='bbox 479 4149 603 4210; x_wconf 85' lang='lat' dir='ltr'>c.vl11‚</span> <span class='ocrx_word' id='word_1_418' title='bbox 626 4151 688 4198; x_wconf 87' lang='grc'><strong>717.</strong></span> <span class='ocrx_word' id='word_1_419' title='bbox 709 4150 781 4200; x_wconf 81' lang='lat'>2354</span> <span class='ocrx_word' id='word_1_420' title='bbox 807 4158 831 4199; x_wconf 91' lang='lat' dir='ltr'>et</span> <span class='ocrx_word' id='word_1_421' title='bbox 851 4148 1001 4201; x_wconf 85' lang='lat' dir='ltr'>Germanici</span> <span class='ocrx_word' id='word_1_422' title='bbox 1024 4149 1091 4198; x_wconf 91' lang='lat' dir='ltr'>tituli</span> <span class='ocrx_word' id='word_1_423' title='bbox 1111 4145 1309 4198; x_wconf 85' lang='lat' dir='ltr'>Brsmbachisui</span> <span class='ocrx_word' id='word_1_424' title='bbox 1327 4160 1355 4195; x_wconf 92' lang='grc' dir='ltr'>ιι.</span> <span class='ocrx_word' id='word_1_425' title='bbox 1369 4144 1442 4195; x_wconf 86' lang='grc'><strong>1757</strong></span> <span class='ocrx_word' id='word_1_426' title='bbox 1462 4144 1529 4196; x_wconf 81' lang='lat' dir='ltr'>anni</span> 
     </span>
     <span class='ocr_line' id='line_1_38' title="bbox 193 4235 1527 4305; baseline -0.001 -16"><span class='ocrx_word' id='word_1_427' title='bbox 193 4255 219 4304; x_wconf 92' lang='lat' dir='ltr'>p.</span> <span class='ocrx_word' id='word_1_428' title='bbox 234 4239 339 4289; x_wconf 80' lang='lat'>0.191.</span> <span class='ocrx_word' id='word_1_429' title='bbox 377 4240 469 4305; x_wconf 87' lang='lat' dir='ltr'>Itaque</span> <span class='ocrx_word' id='word_1_430' title='bbox 488 4241 516 4290; x_wconf 88' lang='lat' dir='ltr'>in</span> <span class='ocrx_word' id='word_1_431' title='bbox 535 4242 644 4290; x_wconf 91' lang='lat' dir='ltr'>militnm</span> <span class='ocrx_word' id='word_1_432' title='bbox 663 4241 791 4304; x_wconf 88' lang='lat' dir='ltr'>originem</span> <span class='ocrx_word' id='word_1_433' title='bbox 811 4241 853 4305; x_wconf 91' lang='lat' dir='ltr'>qui</span> <span class='ocrx_word' id='word_1_434' title='bbox 873 4241 988 4305; x_wconf 88' lang='lat' dir='ltr'>inquirit,</span> <span class='ocrx_word' id='word_1_435' title='bbox 1008 4240 1033 4290; x_wconf 91' lang='lat' dir='ltr'>ei</span> <span class='ocrx_word' id='word_1_436' title='bbox 1052 4240 1243 4290; x_wconf 82' lang='lat' dir='ltr'>centurionatus</span> <span class='ocrx_word' id='word_1_437' title='bbox 1260 4236 1417 4303; x_wconf 83' lang='lat' dir='ltr'>legionerns</span> <span class='ocrx_word' id='word_1_438' title='bbox 1431 4235 1527 4302; x_wconf 75' lang='lat' dir='ltr'>procul</span> 
     </span>
     <span class='ocr_line' id='line_1_39' title="bbox 193 4326 1528 4396; baseline 0 -17"><span class='ocrx_word' id='word_1_439' title='bbox 193 4330 327 4381; x_wconf 88' lang='lat' dir='ltr'>habendus</span> <span class='ocrx_word' id='word_1_440' title='bbox 346 4338 393 4393; x_wconf 89' lang='lat' dir='ltr'>est,</span> <span class='ocrx_word' id='word_1_441' title='bbox 414 4347 471 4381; x_wconf 92' lang='lat' dir='ltr'>cum</span> <span class='ocrx_word' id='word_1_442' title='bbox 491 4333 524 4381; x_wconf 91' lang='lat' dir='ltr'>ad</span> <span class='ocrx_word' id='word_1_443' title='bbox 544 4348 600 4381; x_wconf 90' lang='lat' dir='ltr'>eum</span> <span class='ocrx_word' id='word_1_444' title='bbox 619 4333 704 4382; x_wconf 91' lang='lat' dir='ltr'>locum</span> <span class='ocrx_word' id='word_1_445' title='bbox 724 4347 756 4381; x_wconf 85' lang='lat' dir='ltr'>ex</span> <span class='ocrx_word' id='word_1_446' title='bbox 776 4334 882 4382; x_wconf 85' lang='lat' dir='ltr'>dirersis</span> <span class='ocrx_word' id='word_1_447' title='bbox 897 4332 1033 4396; x_wconf 89' lang='lat' dir='ltr'>generibus</span> <span class='ocrx_word' id='word_1_448' title='bbox 1046 4331 1153 4381; x_wconf 89' lang='lat' dir='ltr'>militiae</span> <span class='ocrx_word' id='word_1_449' title='bbox 1166 4330 1337 4395; x_wconf 81' lang='lat' dir='ltr'>pervenietur.</span> <span class='ocrx_word' id='word_1_450' title='bbox 1368 4326 1528 4379; x_wconf 76' lang='lat' dir='ltr'>Provincia-</span> 
     </span>
     <span class='ocr_line' id='line_1_40' title="bbox 193 4422 1526 4488; baseline -0.002 -17"><span class='ocrx_word' id='word_1_451' title='bbox 193 4438 250 4471; x_wconf 91' lang='lat' dir='ltr'>rum</span> <span class='ocrx_word' id='word_1_452' title='bbox 269 4430 355 4471; x_wconf 90' lang='lat' dir='ltr'>autem</span> <span class='ocrx_word' id='word_1_453' title='bbox 375 4423 509 4475; x_wconf 82' lang='lat' dir='ltr'>diversitas</span> <span class='ocrx_word' id='word_1_454' title='bbox 527 4426 549 4474; x_wconf 91' lang='lat' dir='ltr'>si</span> <span class='ocrx_word' id='word_1_455' title='bbox 567 4439 618 4488; x_wconf 90' lang='lat' dir='ltr'>qua</span> <span class='ocrx_word' id='word_1_456' title='bbox 637 4425 748 4474; x_wconf 88' lang='lat' dir='ltr'>obtinuit</span> <span class='ocrx_word' id='word_1_457' title='bbox 766 4425 792 4474; x_wconf 93' lang='lat' dir='ltr'>in</span> <span class='ocrx_word' id='word_1_458' title='bbox 811 4425 922 4474; x_wconf 87' lang='lat' dir='ltr'>militum</span> <span class='ocrx_word' id='word_1_459' title='bbox 941 4424 1044 4484; x_wconf 89' lang='lat' dir='ltr'>dilectu,</span> <span class='ocrx_word' id='word_1_460' title='bbox 1064 4422 1099 4473; x_wconf 90' lang='lat' dir='ltr'>sd</span> <span class='ocrx_word' id='word_1_461' title='bbox 1117 4422 1323 4474; x_wconf 75' lang='lat' dir='ltr'>centurionatum</span> <span class='ocrx_word' id='word_1_462' title='bbox 1340 4434 1374 4471; x_wconf 82' lang='lat' dir='ltr'>ea</span> <span class='ocrx_word' id='word_1_463' title='bbox 1390 4432 1446 4470; x_wconf 88' lang='lat' dir='ltr'>non</span> <span class='ocrx_word' id='word_1_464' title='bbox 1464 4434 1526 4485; x_wconf 87' lang='lat' dir='ltr'>per·</span> 
     </span>
     <span class='ocr_line' id='line_1_41' title="bbox 195 4510 1525 4579; baseline 0.001 -18"><span class='ocrx_word' id='word_1_465' title='bbox 195 4514 271 4563; x_wconf 82' lang='lat' dir='ltr'>uenit.</span> <span class='ocrx_word' id='word_1_466' title='bbox 303 4514 420 4565; x_wconf 89' lang='lat' dir='ltr'>Primum</span> <span class='ocrx_word' id='word_1_467' title='bbox 440 4531 496 4565; x_wconf 88' lang='lat' dir='ltr'>cum</span> <span class='ocrx_word' id='word_1_468' title='bbox 516 4515 617 4566; x_wconf 88' lang='lat' dir='ltr'>soleant</span> <span class='ocrx_word' id='word_1_469' title='bbox 636 4517 797 4566; x_wconf 90' lang='lat' dir='ltr'>centuriones</span> <span class='ocrx_word' id='word_1_470' title='bbox 815 4516 848 4564; x_wconf 92' lang='lat' dir='ltr'>ab</span> <span class='ocrx_word' id='word_1_471' title='bbox 867 4530 919 4564; x_wconf 89' lang='lat' dir='ltr'>una</span> <span class='ocrx_word' id='word_1_472' title='bbox 938 4514 1040 4579; x_wconf 87' lang='lat' dir='ltr'>legione</span> <span class='ocrx_word' id='word_1_473' title='bbox 1059 4513 1094 4563; x_wconf 93' lang='lat' dir='ltr'>ad</span> <span class='ocrx_word' id='word_1_474' title='bbox 1112 4514 1189 4564; x_wconf 87' lang='lat' dir='ltr'>aliam</span> <span class='ocrx_word' id='word_1_475' title='bbox 1208 4512 1351 4575; x_wconf 77' lang='grc' dir='ltr'>ιιιιιιιοιιί,</span> <span class='ocrx_word' id='word_1_476' title='bbox 1370 4510 1525 4577; x_wconf 80' lang='lat' dir='ltr'>plerumque</span> 
     </span>
     <span class='ocr_line' id='line_1_42' title="bbox 193 4605 1526 4672; baseline 0.002 -19"><span class='ocrx_word' id='word_1_477' title='bbox 193 4619 247 4654; x_wconf 90' lang='lat' dir='ltr'>nou</span> <span class='ocrx_word' id='word_1_478' title='bbox 266 4619 355 4655; x_wconf 88' lang='lat' dir='ltr'>omnes</span> <span class='ocrx_word' id='word_1_479' title='bbox 372 4608 564 4658; x_wconf 87' lang='lat' dir='ltr'>centurionatus</span> <span class='ocrx_word' id='word_1_480' title='bbox 583 4615 745 4669; x_wconf 88' lang='lat' dir='ltr'>enumerant,</span> <span class='ocrx_word' id='word_1_481' title='bbox 770 4608 816 4657; x_wconf 87' lang='lat' dir='ltr'>sed</span> <span class='ocrx_word' id='word_1_482' title='bbox 836 4623 893 4657; x_wconf 90' lang='lat' dir='ltr'>cum</span> <span class='ocrx_word' id='word_1_483' title='bbox 914 4622 990 4672; x_wconf 91' lang='lat' dir='ltr'>quem</span> <span class='ocrx_word' id='word_1_484' title='bbox 1008 4607 1074 4656; x_wconf 81' lang='lat' dir='ltr'>forte</span> <span class='ocrx_word' id='word_1_485' title='bbox 1092 4612 1186 4671; x_wconf 87' lang='lat' dir='ltr'>gerunt</span> <span class='ocrx_word' id='word_1_486' title='bbox 1204 4605 1244 4655; x_wconf 84' lang='lat' dir='ltr'>rel</span> <span class='ocrx_word' id='word_1_487' title='bbox 1263 4618 1339 4671; x_wconf 86' lang='lat' dir='ltr'>quem</span> <span class='ocrx_word' id='word_1_488' title='bbox 1361 4608 1526 4669; x_wconf 64' lang='lat' dir='ltr'>mmmm</span> 
     </span>
     <span class='ocr_line' id='line_1_43' title="bbox 194 4694 1524 4764; baseline -0.001 -18"><span class='ocrx_word' id='word_1_489' title='bbox 194 4697 359 4747; x_wconf 87' lang='lat' dir='ltr'>obtinuerunt</span> <span class='ocrx_word' id='word_1_490' title='bbox 378 4700 461 4748; x_wconf 92' lang='lat' dir='ltr'>solnm</span> <span class='ocrx_word' id='word_1_491' title='bbox 479 4707 590 4763; x_wconf 72' lang='lat' dir='ltr'>ponunt,</span> <span class='ocrx_word' id='word_1_492' title='bbox 621 4701 707 4764; x_wconf 90' lang='lat' dir='ltr'>itaque</span> <span class='ocrx_word' id='word_1_493' title='bbox 731 4699 763 4748; x_wconf 91' lang='lat' dir='ltr'>de</span> <span class='ocrx_word' id='word_1_494' title='bbox 781 4700 910 4764; x_wconf 88' lang='lat' dir='ltr'>plerisque</span> <span class='ocrx_word' id='word_1_495' title='bbox 930 4698 1121 4750; x_wconf 79' lang='lat' dir='ltr'>centurionibus</span> <span class='ocrx_word' id='word_1_496' title='bbox 1149 4710 1235 4762; x_wconf 86' lang='lat' dir='ltr'>aqna</span> <span class='ocrx_word' id='word_1_497' title='bbox 1253 4696 1355 4763; x_wconf 86' lang='lat' dir='ltr'>legione</span> <span class='ocrx_word' id='word_1_498' title='bbox 1378 4694 1524 4761; x_wconf 78' lang='lat' dir='ltr'>inceperint</span> 
     </span>
     <span class='ocr_line' id='line_1_44' title="bbox 194 4784 1524 4855; baseline -0.001 -17"><span class='ocrx_word' id='word_1_499' title='bbox 194 4789 299 4838; x_wconf 92' lang='lat' dir='ltr'>dubium</span> <span class='ocrx_word' id='word_1_500' title='bbox 319 4795 364 4839; x_wconf 88' lang='lat' dir='ltr'>est.</span> <span class='ocrx_word' id='word_1_501' title='bbox 396 4790 499 4840; x_wconf 89' lang='lat' dir='ltr'>Deinde</span> <span class='ocrx_word' id='word_1_502' title='bbox 518 4792 553 4839; x_wconf 92' lang='lat' dir='ltr'>ibi</span> <span class='ocrx_word' id='word_1_503' title='bbox 573 4805 683 4855; x_wconf 89' lang='lat' dir='ltr'>quoqne,</span> <span class='ocrx_word' id='word_1_504' title='bbox 704 4790 747 4839; x_wconf 90' lang='lat' dir='ltr'>ubi</span> <span class='ocrx_word' id='word_1_505' title='bbox 767 4791 799 4839; x_wconf 87' lang='lat' dir='ltr'>de</span> <span class='ocrx_word' id='word_1_506' title='bbox 819 4792 997 4840; x_wconf 88' lang='lat' dir='ltr'>centurionatn</span> <span class='ocrx_word' id='word_1_507' title='bbox 1016 4791 1100 4855; x_wconf 92' lang='lat' dir='ltr'>primo</span> <span class='ocrx_word' id='word_1_508' title='bbox 1120 4789 1266 4849; x_wconf 85' lang='lat' dir='ltr'>edocemur,</span> <span class='ocrx_word' id='word_1_509' title='bbox 1283 4786 1397 4853; x_wconf 74' lang='lat' dir='ltr'>gregalis</span> <span class='ocrx_word' id='word_1_510' title='bbox 1415 4784 1524 4837; x_wconf 76' lang='lat' dir='ltr'>entheae</span> 
     </span>
     <span class='ocr_line' id='line_1_45' title="bbox 194 4876 1523 4947; baseline -0.002 -15"><span class='ocrx_word' id='word_1_511' title='bbox 194 4883 312 4932; x_wconf 88' lang='lat' dir='ltr'>condicio</span> <span class='ocrx_word' id='word_1_512' title='bbox 331 4883 392 4932; x_wconf 90' lang='lat' dir='ltr'>inde</span> <span class='ocrx_word' id='word_1_513' title='bbox 412 4888 466 4932; x_wconf 91' lang='lat' dir='ltr'>tuto</span> <span class='ocrx_word' id='word_1_514' title='bbox 486 4882 571 4945; x_wconf 86' lang='lat' dir='ltr'>colligi</span> <span class='ocrx_word' id='word_1_515' title='bbox 591 4882 694 4946; x_wconf 88' lang='lat' dir='ltr'>nequit;</span> <span class='ocrx_word' id='word_1_516' title='bbox 713 4896 773 4932; x_wconf 87' lang='lat' dir='ltr'>nam</span> <span class='ocrx_word' id='word_1_517' title='bbox 792 4884 835 4947; x_wconf 92' lang='lat' dir='ltr'>qui</span> <span class='ocrx_word' id='word_1_518' title='bbox 852 4883 970 4932; x_wconf 87' lang='lat' dir='ltr'>ordinem</span> <span class='ocrx_word' id='word_1_519' title='bbox 983 4883 1084 4947; x_wconf 88' lang='lat' dir='ltr'>accipit,</span> <span class='ocrx_word' id='word_1_520' title='bbox 1105 4894 1290 4946; x_wconf 86' lang='lat' dir='ltr'>saepenumero</span> <span class='ocrx_word' id='word_1_521' title='bbox 1302 4876 1382 4931; x_wconf 83' lang='lat' dir='ltr'>simul</span> <span class='ocrx_word' id='word_1_522' title='bbox 1392 4876 1523 4945; x_wconf 67' lang='lat' dir='ltr'>tegimen</span> 
     </span>
     <span class='ocr_line' id='line_1_46' title="bbox 195 4962 1594 5038; baseline -0.001 -15"><span class='ocrx_word' id='word_1_523' title='bbox 195 4982 284 5024; x_wconf 81' lang='lat' dir='ltr'>mutat</span> <span class='ocrx_word' id='word_1_524' title='bbox 317 4975 484 5024; x_wconf 88' lang='lat' dir='ltr'>Illustrabuut</span> <span class='ocrx_word' id='word_1_525' title='bbox 496 4973 560 5022; x_wconf 85' lang='lat' dir='ltr'>haec</span> <span class='ocrx_word' id='word_1_526' title='bbox 574 4987 638 5038; x_wconf 88' lang='lat' dir='ltr'>quae</span> <span class='ocrx_word' id='word_1_527' title='bbox 652 4975 797 5037; x_wconf 87' lang='lat' dir='ltr'>accepimns</span> <span class='ocrx_word' id='word_1_528' title='bbox 814 4975 846 5023; x_wconf 88' lang='lat' dir='ltr'>de</span> <span class='ocrx_word' id='word_1_529' title='bbox 859 4974 1052 5024; x_wconf 87' lang='lat' dir='ltr'>centurionibus</span> <span class='ocrx_word' id='word_1_530' title='bbox 1064 4973 1173 5037; x_wconf 89' lang='lat' dir='ltr'>legionis</span> <span class='ocrx_word' id='word_1_531' title='bbox 1186 4970 1306 5022; x_wconf 79' lang='lat' dir='ltr'>Airiesn.</span> <span class='ocrx_word' id='word_1_532' title='bbox 1337 4966 1523 5035; x_wconf 69' lang='lat' dir='ltr'>marm-t</span> <span class='ocrx_word' id='word_1_533' title='bbox 1588 4962 1594 5005; x_wconf 63' lang='lat' dir='ltr'>i</span> 
     </span>
     <span class='ocr_line' id='line_1_47' title="bbox 194 5054 1529 5131; baseline -0.002 -15"><span class='ocrx_word' id='word_1_534' title='bbox 194 5069 303 5131; x_wconf 86' lang='lat' dir='ltr'>patriam</span> <span class='ocrx_word' id='word_1_535' title='bbox 323 5067 455 5117; x_wconf 92' lang='lat' dir='ltr'>enuntient</span> <span class='ocrx_word' id='word_1_536' title='bbox 467 5065 588 5115; x_wconf 87' lang='lat' dir='ltr'>tredecim</span> <span class='ocrx_word' id='word_1_537' title='bbox 603 5065 714 5130; x_wconf 88' lang='lat' dir='ltr'>repperi,</span> <span class='ocrx_word' id='word_1_538' title='bbox 729 5079 793 5129; x_wconf 84' lang='lat' dir='ltr'>quac</span> <span class='ocrx_word' id='word_1_539' title='bbox 807 5066 904 5129; x_wconf 82' lang='lat' dir='ltr'>patriae</span> <span class='ocrx_word' id='word_1_540' title='bbox 917 5072 976 5115; x_wconf 91' lang='lat' dir='ltr'>sunt</span> <span class='ocrx_word' id='word_1_541' title='bbox 988 5065 1135 5129; x_wconf 83' lang='lat' dir='ltr'>Campania</span> <span class='ocrx_word' id='word_1_542' title='bbox 1148 5064 1184 5126; x_wconf 90' lang='lat' dir='ltr'>(n.</span> <span class='ocrx_word' id='word_1_543' title='bbox 1196 5062 1267 5115; x_wconf 81' lang='grc'><strong>7801</strong></span> <span class='ocrx_word' id='word_1_544' title='bbox 1281 5054 1529 5131; x_wconf 42' lang='lat' dir='ltr'>famabili&amp;</span> 
     </span>
     <span class='ocr_line' id='line_1_48' title="bbox 194 5148 1528 5224; baseline -0.004 -14"><span class='ocrx_word' id='word_1_545' title='bbox 194 5160 334 5223; x_wconf 82' lang='lat' dir='ltr'>Hispaniae</span> <span class='ocrx_word' id='word_1_546' title='bbox 358 5158 394 5218; x_wconf 88' lang='lat' dir='ltr'>(n.</span> <span class='ocrx_word' id='word_1_547' title='bbox 409 5157 504 5220; x_wconf 86' lang='grc'><strong>7807),</strong></span> <span class='ocrx_word' id='word_1_548' title='bbox 530 5160 585 5209; x_wconf 77' lang='lat' dir='ltr'>Ara</span> <span class='ocrx_word' id='word_1_549' title='bbox 605 5159 749 5224; x_wconf 82' lang='lat' dir='ltr'>Agrippina</span> <span class='ocrx_word' id='word_1_550' title='bbox 769 5156 923 5209; x_wconf 83' lang='lat' dir='ltr'>Germaniae</span> <span class='ocrx_word' id='word_1_551' title='bbox 943 5157 978 5218; x_wconf 92' lang='lat' dir='ltr'>(n.</span> <span class='ocrx_word' id='word_1_552' title='bbox 993 5155 1073 5208; x_wconf 83' lang='grc'><strong>7785.</strong></span> <span class='ocrx_word' id='word_1_553' title='bbox 1088 5156 1183 5220; x_wconf 84' lang='grc'><strong>7907),</strong></span> <span class='ocrx_word' id='word_1_554' title='bbox 1204 5154 1354 5222; x_wconf 69' lang='lat' dir='ltr'>Aqnlnm&#39;t</span> <span class='ocrx_word' id='word_1_555' title='bbox 1369 5148 1528 5205; x_wconf 62' lang='lat' dir='ltr'>m</span> 
     </span>
    </p>
   </div>
   <div class='ocr_carea' id='block_1_4' title="bbox 0 0 1731 5828">
    <p class='ocr_par' dir='ltr' id='par_1_4' title="bbox 0 0 1731 5828">
     <span class='ocr_line' id='line_1_49' title="bbox 0 0 1731 5828; baseline 0 0"><span class='ocrx_word' id='word_1_556' title='bbox 0 0 1731 5828; x_wconf 95' lang='lat' dir='ltr'> </span> 
     </span>
    </p>
   </div>
  </div>
 </body>
</html>
