3450 5828
559 526 1163 583 ossnsvsrronnssercssenrosn.
1456 512 1528 583 139

195 712 230 762 et
250 702 386 778 ipsarum
408 700 579 761 scholarum
601 703 727 761 duarum
749 703 860 761 mentio
881 703 915 759 iit
936 703 1067 778 equitum
1090 713 1120 761 et
1141 703 1272 777 peditum
1292 704 1472 782 stipendium
1490 723 1530 763 ex

194 802 320 882 publico
340 802 551 878 accipientium
561 802 599 879 ¹).
639 803 842 880 Appellantur
864 805 929 862 solo
952 804 1180 863 domesticorum
1199 806 1359 877 vocabulo;
1381 816 1530 882 protecto-

196 924 268 965 rum
289 903 369 981 apud
390 901 512 963 Gothos
533 921 594 962 non
615 905 772 982 reperitur.

241 1006 270 1065 R
290 1005 443 1065 contrario
465 1006 545 1082 apud
560 1003 717 1065 Vandalos
739 1007 893 1066 domestici
916 1008 968 1083 qui
990 1018 1102 1066 certum
1124 1008 1206 1067 inre
1225 1007 1346 1084 publica
1366 1009 1462 1068 locum
1478 1011 1531 1068 ob-

195 1110 314 1169 tineant
334 1106 410 1166 nulli
431 1106 670 1183 reperiuntur2).
694 1141 732 1151 -
756 1107 892 1167 Francioi
912 1109 996 1185 regni
1011 1108 1199 1181 domesticii)
1216 1110 1242 1167 si
1257 1110 1375 1186 quidem
1392 1116 1530 1188 expressi

196 1216 272 1271 sunt
291 1209 331 1268 ad
350 1227 415 1266 rem
439 1207 589 1284 publicam
611 1208 831 1281 Romanorum,
859 1211 898 1268 ad
922 1220 1106 1287 protectores
1134 1210 1314 1269 domesticos
1341 1212 1530 1289 imperatoris

195 1311 375 1389 redigantur
394 1326 519 1369 neeesse
540 1320 602 1380 cet3
624 1320 820 1386 poteruntque
842 1312 943 1387 aliquo
958 1313 1047 1370 modo
1062 1313 1229 1387 comparari
1245 1313 1386 1371 militibus
1401 1314 1460 1371 illis
1481 1324 1531 1372 aut

194 1424 324 1493 propter
344 1411 493 1488 stipendia
514 1412 640 1470 emerita
661 1421 712 1469 aut
731 1422 852 1488 propter
870 1430 965 1488 genus
981 1413 1148 1489 insignibus
1164 1414 1283 1471 selectis
1298 1414 1337 1471 ad
1352 1415 1436 1490 regia
1450 1415 1531 1473 iussa

196 1511 387 1591 exequenda
431 1509 492 1571 Sed
513 1512 658 1588 quidquid
679 1513 817 1571 instituto
836 1514 972 1572 Romano
995 1515 1147 1590 proprium
1169 1524 1215 1573 est
1236 1525 1266 1573 et
1287 1516 1401 1574 formae
1423 1524 1530 1587 certae,

195 1628 235 1677 ut
255 1625 328 1675 sunt
346 1613 471 1674 comites
492 1614 723 1673 domesticorum
745 1624 776 1672 et
797 1615 928 1690 equitum
951 1616 1142 1692 peditumque
1164 1617 1286 1676 scholae
1308 1617 1426 1694 aliaque
1442 1617 1532 1692 plura

195 1737 269 1779 oum
291 1716 372 1795 apud
385 1715 520 1775 Francos
541 1733 602 1773 non
623 1716 821 1789 inveniantur,
843 1736 859 1775 e
877 1717 1025 1776 contrario
1040 1736 1112 1775 cura
1126 1718 1264 1777 villarum
1281 1718 1531 1794 praediorumque

194 1820 351 1897 regiorum
372 1826 433 1877 tam
456 1816 612 1877 Francicis
634 1818 807 1876 domesticis
828 1820 951 1895 propria
966 1820 1005 1877 sit
1018 1837 1108 1895 quam
1125 1839 1143 1876 a
1157 1821 1376 1896 protectoribus
1391 1821 1532 1878 domesti-

194 1922 247 1980 cis
259 1920 407 1980 Romanis
428 1919 537 1990 aliena,
557 1920 694 1995 equidem
715 1920 891 1979 crediderim
915 1920 972 1979 hos
994 1922 1118 1997 originis
1137 1940 1205 1981 esse
1221 1920 1419 1981 Germanicae
1435 1935 1465 1980 et
1481 1941 1531 1979 ro·

195 2022 311 2083 cabulo
331 2029 445 2081 tantum
465 2020 601 2080 Latinos.

246 2410 412 2471 Domestici
433 2411 470 2469 de
492 2410 601 2486 quibus
622 2412 737 2487 egimus
759 2431 825 2470 cum
846 2420 1005 2487 propterea
1025 2413 1068 2470 ita
1088 2413 1286 2491 appellentur,
1309 2416 1390 2490 qaod
1411 2432 1530 2472 versan-

196 2524 252 2573 tur
271 2513 304 2571 in
326 2512 414 2571 domo
435 2511 625 2591 imperatoris
645 2511 694 2586 (0.
711 2513 767 2571 Th.
785 2513 813 2586 6,
829 2513 880 2583 24,
896 2514 943 2588 8),
970 2514 1007 2571 de
1034 2515 1205 2574 domesticis
1231 2516 1413 2591 privatorum
1442 2534 1531 2590 quae·

196 2616 274 2675 dam
296 2612 434 2671 addenda
455 2624 539 2685 sunt,
569 2615 709 2690 quoniam
732 2615 754 2672 ii
776 2623 806 2673 et
827 2615 885 2691 ipsi
907 2615 982 2673 inter
1004 2616 1104 2674 officia
1125 2627 1206 2674 certa
1227 2626 1257 2675 et
1276 2616 1397 2693 publica
1421 2618 1531 2693 recepti

197 2715 428 2791 ambiguitatem
449 2728 603 2793 generant,
624 2715 709 2774 cuius
730 2717 783 2792 qui
804 2716 934 2776 fortasse
955 2717 1029 2776 haee
1043 2718 1190 2777 curabunt
1204 2718 1340 2777 videntur
1354 2718 1532 2777 admonendi

199 2835 282 2877 esse.

247 2918 358 2981 Officia
378 2918 500 2995 publica
520 2920 572 2994 qui
594 2918 815 2991 administrant,
840 2921 879 2979 iis
900 2931 1017 2996 praeter
1038 2922 1184 2980 officiales
1212 2923 1347 2980 mercede
1368 2921 1532 2980 conductos

201 3022 316 3083 adsunt
334 3020 460 3080 comites
481 3021 595 3080 ordinis
615 3021 811 3092 honestioris,
837 3023 888 3097 qui
909 3022 978 3081 licet
1000 3041 1119 3099 operam
1142 3023 1213 3081 dent
1234 3025 1265 3081 in
1286 3043 1319 3082 re
1342 3023 1462 3099 publica
1482 3023 1533 3080 ad·

202 3121 404 3185 ministranda
424 3132 455 3181 et
474 3134 634 3200 propterea
655 3122 716 3180 iam
735 3122 848 3181 liberae
869 3124 912 3181 rei
934 3125 1071 3200 publicae
1094 3133 1190 3183 aetate
1205 3125 1241 3184 de
1257 3126 1376 3200 publico
1392 3125 1534 3183 salarium

204 3226 364 3303 accipiant,
384 3242 455 3282 vere
475 3241 572 3300 neque
592 3223 738 3282 officiales
762 3233 832 3282 sunt
853 3243 949 3300 neque
970 3227 1173 3301 magistratus,
1196 3228 1273 3285 unde
1288 3225 1407 3286 Notitia
1421 3226 1535 3303 Digna-

203 3329 279 3387 tium
302 3334 446 3402 unoque
466 3341 625 3385 recensens
646 3325 704 3383 boc
725 3343 818 3402 genus
841 3326 928 3400 plane
950 3326 1060 3385 omisit.
1097 3327 1227 3402 Propius
1249 3338 1348 3386 tamen
1368 3329 1406 3386 ad
1427 3329 1535 3403 magis-

205 3437 304 3488 uatus
325 3428 487 3498 secedunt3
513 3426 592 3485 unde
614 3443 742 3501 corpora
765 3427 839 3485 iuris
868 3426 1070 3502 (Dig.1‚tt;
1098 3426 1173 3486 Cod.
1197 3428 1312 3487 Theod.
1330 3430 1430 3500 1‚35;
1459 3426 1533 3486 Cod.

203 3530 280 3589 lust.
298 3530 326 3601 1,
341 3528 398 3603 51)
425 3527 462 3586 de
482 3529 521 3587 iis
543 3538 633 3604 agunt
653 3529 684 3585 in
706 3529 765 3586 fine
790 3535 934 3586 tractatus
961 3528 998 3587 de
1025 3530 1248 3607 magistratibus
1276 3531 1404 3607 publicis
1430 3530 1535 3607 populi

204 3630 345 3690 Remmi-
392 3629 477 3688 lutor
502 3629 651 3688 adiutores
678 3647 732 3688 eos
757 3647 823 3688 cum
850 3649 904 3705 per
929 3631 1054 3688 multum
1079 3640 1197 3707 tempus
1225 3633 1325 3691 nullus
1352 3632 1481 3690 emineat
1507 3640 1536 3689 et

205 3744 318 3792 certum
339 3731 424 3790 inre
445 3731 564 3808 publica
583 3730 681 3789 iocum
702 3738 804 3789 teneat
824 3739 942 3805 praeter
968 3731 1173 3804 adsessorem,
1200 3744 1305 3808 postea
1332 3733 1391 3790 duo
1420 3732 1469 3789 alii
1498 3733 1536 3790 ad

206 3834 285 3893 bunc
305 3832 452 3891 accedunt
473 3832 652 3891 domesticus
680 3840 710 3889 et
735 3831 945 3903 cancellarium
973 3851 1033 3909 quo
1060 3836 1208 3909 pertinent
1233 3835 1311 3893 tituli
1340 3834 1426 3891 modo
1452 3834 1535 3891 citati

206 3934 365 4010 utriusque
385 3933 499 3993 codicis
521 3935 556 3992 de
576 3933 788 4002 adsessoribus,
816 3935 973 3992 domesticis
996 3944 1023 3992 et
1043 3937 1232 3995 cancellariis.
1276 3936 1316 3992 Et
1338 3945 1369 3993 ut
1390 3934 1535 3992 cancella·

205 4036 282 4095 rium
304 4033 487 4108 omittamus,
507 4035 663 4095 domestici
684 4034 809 4112 buius⁴)
832 4054 870 4093 ex
885 4036 1048 4096 matriculis
1062 4055 1139 4113 quae
1155 4043 1316 4113 supersunt
1330 4054 1390 4094 una
1403 4036 1538 4094 meminit

206 4228 414 4241 ——-—-

263 4358 290 4422 ¹)
310 4360 377 4409 Vn.
395 4358 439 4419 to,
457 4359 491 4408 11
512 4352 556 4422 (ct
578 4357 636 4418 iii:
663 4359 851 4424 primiceriatus
875 4361 919 4426 qui
942 4368 966 4410 et
989 4360 1164 4410 domesticatus
1185 4359 1326 4409 nominatur
1351 4356 1382 4407 ab
1401 4355 1537 4406 indictione

206 4447 279 4502 117
294 4448 345 4499 tibi
362 4448 512 4514 consmbras
529 4447 684 4515 dipsitotem.
722 4450 790 4501 Vide
809 4466 885 4515 snpra
903 4468 929 4516 p.
946 4453 1005 4502 137.

261 4540 289 4603 ²)
309 4541 381 4593 Nam
400 4541 470 4606 quod
488 4556 534 4591 rex
555 4540 701 4592 Geisaricus
720 4558 777 4591 cum
797 4543 909 4607 quodam
927 4558 959 4592 ex
980 4544 1128 4607 proceribus
1147 4544 1260 4608 loquitur
1275 4539 1450 4609 praesentibus
1471 4541 1536 4607 epis-

206 4636 277 4702 copis
296 4640 374 4699 atque
391 4631 533 4683 merres
551 4633 604 4682 suis
622 4632 722 4692 (Victor
734 4634 849 4684 vitensis
864 4636 889 4696 l,
904 4634 929 4696 6,
945 4635 1001 4696 19),
1029 4643 1116 4699 aperte
1136 4635 1212 4684 aulici
1234 4636 1377 4684 saeculares
1400 4635 1438 4683 ita
1460 4633 1538 4697 signi·

206 4727 325 4786 icantur,
345 4724 514 4788 similiterque
533 4725 676 4789 accipiendi
694 4732 754 4775 sunt
772 4727 905 4776 domestici
925 4728 1021 4777 ibidem
1044 4727 1173 4788 1‚11,3t
1194 4734 1219 4775 et
1240 4729 1264 4787 2,
1278 4729 1303 4788 7,
1319 4728 1362 4775 te.
1398 4725 1461 4775 Alio
1480 4724 1538 4773 loco

206 4819 232 4879 3,
245 4820 281 4868 tt
304 4836 339 4859 ε·
361 4816 419 4877 5‚4
436 4816 505 4865 idem
526 4816 677 4867 vocabulum
697 4818 748 4867 iam
768 4818 896 4868 sublatum
916 4828 955 4868 est
973 4825 1061 4884 utpote
1080 4820 1269 4882 interpolatum.

263 4906 292 4970 ⁸)
312 4907 355 4958 De
373 4908 406 4957 iis
424 4908 501 4972 plene
520 4911 641 4973 exposuit
653 4910 781 4960 waitzius
800 4907 1314 4976 deutscheVersassonpspesciiebte11³,
1337 4911 1352 4957 2
1372 4925 1397 4972 p.
1411 4909 1445 4957 45
1467 4922 1519 4971 seq.

263 4999 291 5062 ⁴)
311 5000 375 5064 Egit
391 5000 424 5049 de
444 5000 586 5051 domestico
606 5000 656 5051 hoc
675 5001 852 5053 Gothcfredus
871 5003 903 5051 ad
923 5002 1053 5063 c.'rh.1‚
1076 5005 1108 5051 tt
1130 5001 1190 5063 (iam
1212 5001 1256 5061 nt)
1284 5008 1308 5050 et
1327 5003 1355 5050 iu
1374 4999 1495 5063 paratitlo
1514 5006 1540 5046 et

205 5091 241 5141 ad
258 5088 312 5140 Ι.3
330 5090 409 5141 solite
426 5090 554 5155 doctrina,
573 5108 626 5144 non
646 5093 723 5144 solita
739 5093 871 5144 felicitate.
904 5094 1024 5144 Conferri
1042 5101 1161 5160 poterunt
1180 5096 1242 5143 item
1258 5094 1412 5161 interpretes
1428 5092 1461 5140 ad
1474 5092 1538 5140 Am·

205 5184 326 5235 mhnum
346 5182 429 5245 ras,
445 5185 470 5233 1.
