3450 5828
581 496 1181 552 oasanvar1onasnr1cnarmcan.
1476 467 1547 546 143

215 668 326 727 militia
345 686 405 727 uou
429 669 556 730 solvitur
577 670 636 729 nisi
658 671 820 755 missione,
843 671 929 730 miles
950 672 1048 729 iactus
1071 670 1273 729 coniuratione
1296 668 1421 726 solvitur
1442 668 1549 726 militia

215 770 284 847 ipso
310 771 375 828 iure
401 771 530 830 tumultu
551 772 645 831 linito.
690 771 787 831 lassis
811 771 938 831 militare
965 772 1010 829 his
1034 779 1225 848 opponuntur
1245 771 1297 845 qui
1322 789 1406 827 arma
1428 771 1549 844 capiunt

213 871 328 947 rogati,
356 873 473 932 scilicet
491 874 523 931 iu
545 873 654 931 subitis
676 872 818 950 periculis
841 873 891 948 qui
913 886 1087 945 evocantur,
1116 873 1146 930 id
1168 881 1214 931 est
1235 873 1274 930 ad
1301 890 1383 930 arma
1405 878 1549 928 vocantur

212 990 234 1029 a
255 973 322 1031 cive
340 974 389 1031 cui
411 973 531 1032 suimus
551 982 597 1033 est
618 981 648 1031 et
667 974 869 1050 auctoritas1)
894 975 992 1032 verbis
1013 970 1075 1050 ‘qui
1097 994 1158 1032 rem
1179 972 1328 1050 publicam
1348 974 1464 1032 salvam
1480 989 1548 1030 esse

211 1073 311 1132 uelint
330 1090 364 1132 se
385 1068 567 1149 sequautur‘.
603 1073 688 1133 Haec
710 1074 904 1134 fundamenta
925 1085 957 1133 ut
978 1094 1031 1150 per
1052 1077 1192 1133 universa
1213 1075 1323 1132 liberae
1345 1075 1387 1131 rei
1410 1074 1547 1149 publicae

211 1182 353 1251 tempora
378 1175 576 1251 aequabiliter
602 1184 789 1248 manserunt,
823 1177 865 1233 ita
891 1177 998 1235 militia
1023 1185 1141 1252 rogata,
1174 1164 1246 1234 olim
1279 1176 1413 1251 angustis
1439 1175 1547 1232 finibus

211 1275 439 1351 circumscripta
465 1284 495 1334 et
520 1274 683 1352 aliquando
709 1277 839 1335 fortasse
869 1296 929 1335 non
955 1278 1089 1335 admissa
1116 1278 1175 1335 nisi
1200 1286 1334 1335 extrema
1360 1277 1546 1346 necessitate,

211 1378 383 1454 posteriore
403 1384 537 1453 tempore
559 1396 595 1436 eo
617 1379 807 1453 potissimum
831 1378 932 1450 crevit,
955 1379 1033 1455 quod
1056 1386 1218 1454 coeperunt
1239 1379 1328 1435 duces
1351 1396 1410 1435 non
1431 1386 1490 1434 tam
1506 1397 1544 1435 ex

210 1494 309 1535 causa
329 1478 458 1555 publica,
480 1497 569 1555 quam
592 1480 709 1555 privato
731 1480 849 1538 nomine
872 1481 910 1539 ad
933 1481 1069 1538 militiam
1092 1480 1230 1549 invitare,
1253 1488 1286 1536 ut
1307 1479 1395 1536 modo
1410 1478 1545 1537 nomina·

209 1579 267 1637 tim
289 1579 403 1638 amicos
423 1587 455 1639 et
475 1580 661 1639 necessarios
683 1581 910 1657 compellarent,
941 1582 1029 1638 modo
1052 1600 1105 1656 per
1127 1580 1254 1638 edictum
1282 1589 1363 1639 certa
1391 1581 1544 1638 hominum

209 1697 338 1756 genera,
361 1680 491 1739 maxime
512 1681 564 1757 qui
587 1682 666 1758 apud
689 1698 721 1739 se
743 1682 873 1740 aliumve
896 1681 953 1739 sibi
974 1683 1163 1741 coniunctum
1185 1681 1289 1739 ducem
1312 1690 1401 1740 antea
1422 1682 1545 1739 meruis-

210 1790 293 1851 sent,
314 1779 353 1839 sd
374 1781 512 1841 militiam
533 1782 735 1858 recipiendam
756 1792 905 1841 vocarent.
943 1783 992 1839 Ex
1015 1802 1051 1842 eo
1073 1800 1180 1858 genere
1202 1783 1328 1840 militum
1352 1793 1382 1841 ut
1397 1783 1545 1860 perbelle

207 1882 316 1941 ciuilia
337 1900 447 1960 magns
469 1902 506 1942 ex
528 1894 614 1958 parte
635 1885 784 1942 exercitus
806 1884 936 1942 omnium
959 1885 1087 1960 partium
1110 1885 1262 1942 constituti
1286 1893 1369 1956 sunt,
1395 1885 1438 1942 ita
1464 1887 1543 1961 prin-

208 1983 315 2059 cipatu
336 1984 474 2043 instituto
494 1985 643 2043 eiusmodi
664 1986 854 2044 evocationes
876 1985 1081 2044 exoleverunt.
1119 1985 1274 2044 Vetustam
1291 1987 1396 2061 legem,
1419 2004 1496 2061 quae
1513 1993 1545 2043 ut

207 2083 243 2141 id
265 2085 350 2143 tieret
373 2085 537 2161 periculum
565 2086 718 2162 publicum
746 2086 950 2144 tantummodo
977 2086 1161 2162 requirebat,
1190 2105 1254 2144 cum
1281 2088 1349 2162 ipsa
1373 2087 1468 2145 libera
1494 2105 1542 2145 res

206 2185 334 2262 publica
353 2187 572 2263 quodammodo
594 2187 781 2258 sustulisset,
807 2188 912 2246 militia
934 2190 1050 2264 privato
1074 2198 1196 2263 rogante
1219 2197 1357 2264 suscepta
1384 2189 1439 2245 sub
1461 2189 1543 2264 priu-

205 2288 313 2364 cipatu
336 2287 421 2346 nullo
447 2288 536 2347 modo
567 2308 688 2348 manere
716 2290 829 2364 potuit;
862 2289 977 2347 scilicet
1009 2290 1059 2363 qui
1092 2308 1157 2347 eum
1185 2289 1322 2347 fundavit
1347 2289 1401 2347 etsi
1429 2291 1541 2366 primas

205 2387 356 2465 legiones,
376 2389 485 2465 quibus
507 2390 684 2467 praefuerat,
706 2390 763 2447 hoc
784 2391 851 2465 ipso
874 2392 960 2466 quasi
979 2391 1043 2448 iure
1058 2390 1192 2466 privatus
1208 2401 1396 2465 compararat
1409 2391 1542 2449 evocatis

205 2490 361 2549 veteranis
381 2491 525 2567 paternis,
545 2509 582 2549 eo
596 2491 693 2550 minus
716 2491 886 2567 permittere
904 2492 1002 2565 potuit
1023 2492 1053 2549 id
1075 2493 1174 2567 ipsum
1198 2493 1248 2549 alii
1264 2504 1297 2550 ut
1310 2492 1448 2550 lacerent.
1482 2490 1542 2548 Po-

206 2589 268 2649 tuit
289 2607 362 2649 ssue
382 2592 523 2668 princeps
545 2594 625 2651 cives
647 2604 679 2651 ut
700 2594 801 2651 iubere
824 2593 964 2662 militare,
993 2594 1034 2650 ita
1061 2611 1179 2669 rogare,
1209 2600 1239 2651 et
1261 2613 1327 2650 vere
1355 2594 1543 2669 reperiuntur

203 2692 271 2751 duo
292 2692 388 2751 triave
408 2693 548 2769 exempla
569 2694 776 2753 irritationum
799 2694 862 2752 eius
885 2698 1002 2768 generis
1025 2694 1062 2751 ad
1081 2695 1190 2752 milites
1212 2694 1262 2770 qui
1286 2694 1414 2753 luissent
1428 2713 1446 2752 a
1461 2695 1540 2768 prin-

203 2794 277 2870 cipe
308 2792 542 2869 derectamm2).
592 2792 653 2854 Sed
685 2796 839 2853 rarissime
871 2794 900 2851 id
933 2795 1042 2852 fuctum
1077 2805 1124 2853 est
1156 2814 1221 2852 cum
1255 2796 1293 2853 ob
1327 2795 1402 2854 alias
1434 2814 1541 2853 causas

203 2904 272 2954 tum
293 2895 422 2954 fortasse
441 2896 522 2971 quod
543 2895 707 2954 secundum
730 2897 882 2972 antiquam
903 2897 1147 2954 consuetudinem
1170 2897 1285 2953 evocati
1309 2898 1352 2954 ita
1372 2896 1409 2953 ad
1426 2906 1537 2955 certum

202 3014 320 3074 corpus
340 2996 433 3074 redigi
455 3015 515 3055 uon
537 3006 698 3074 potuerunt
718 3015 814 3073 neque
836 2997 967 3073 legiones
991 2998 1167 3056 cobortesve
1189 3018 1243 3075 per
1257 2999 1459 3057 evocationem
1474 2997 1537 3054 ullo

267 3210 293 3277 ¹)
311 3213 478 3277 Magistratus
496 3221 525 3263 ut
542 3215 576 3264 sit
594 3216 649 3265 iure
670 3230 722 3266 non
746 3216 895 3279 requiritur,
922 3216 1001 3264 immo
1021 3217 1182 3279 magistratus
1206 3217 1249 3265 ubi
1269 3218 1386 3265 similiter
1408 3217 1441 3265 ad
1466 3231 1537 3265 arma

201 3309 289 3365 vocat,
309 3304 459 3370 plerumque
477 3306 621 3356 causationi
641 3306 803 3356 substituitur
822 3308 952 3357 tumultus.
991 3309 1054 3356 Inde
1073 3309 1184 3357 maxime
1203 3309 1310 3372 pendet,
1330 3309 1398 3372 quod
1418 3313 1537 3356 evocatus

201 3394 302 3445 dicitur
319 3410 372 3447 που
390 3397 464 3447 miles
483 3412 552 3459 esse,
577 3398 622 3446 sed
642 3412 689 3461 pro
709 3398 799 3447 milite.
838 3399 869 3448 Iu
888 3399 996 3462 pristina
1015 3401 1164 3449 evocatione
1184 3400 1359 3449 iusiurandum
1380 3400 1477 3449 nullum
1497 3414 1536 3447 re-

203 3487 274 3552 quiri
299 3502 333 3537 sx
356 3488 398 3537 his
423 3488 566 3555 colligitur3
596 3504 628 3537 eo
651 3504 753 3553 quoque
778 3491 881 3538 nomine
905 3491 1003 3539 evocati
1028 3505 1044 3539 s
1066 3492 1176 3540 militare
1201 3492 1275 3540 iussis
1301 3490 1436 3552 differunt,
1467 3490 1536 3554 quod

203 3578 306 3629 nullum
323 3579 357 3628 iis
375 3578 416 3629 ius
434 3587 473 3631 est
498 3581 525 3630 iu
549 3581 705 3644 stipendium
730 3589 826 3630 eertum
852 3596 934 3645 neque
959 3583 986 3631 in
1011 3582 1110 3645 legione
1136 3584 1173 3630 rel
1200 3582 1305 3630 cohorte
1328 3583 1414 3646 aliqua
1438 3589 1537 3630 merent

202 3682 289 3736 usqae
308 3676 393 3719 certos
412 3671 489 3722 duces
507 3671 612 3721 habent.
644 3672 807 3736 Stipendium
827 3680 913 3722 tamen
933 3680 1006 3722 extra
1020 3674 1137 3723 ordinem
1152 3675 1207 3722 sine
1221 3673 1299 3722 dubio
1313 3689 1413 3737 semper
1432 3688 1535 3736 accepe-

201 3766 264 3811 rut
281 3760 362 3826 idque
380 3775 457 3827 steps
475 3770 586 3826 sumum,
607 3778 690 3828 neque
705 3764 875 3828 improbabile
888 3766 965 3815 etiam
979 3765 1153 3814 iusiurandum
1171 3765 1203 3814 ab
1217 3767 1249 3813 iis
1263 3765 1402 3828 aliquando
1416 3772 1534 3813 exactum

200 3866 259 3903 use
278 3852 387 3904 iubente
405 3855 443 3904 itu
461 3855 625 3920 imperatore.

259 3940 285 4005 ²)
306 3944 337 3995 lu
356 3947 473 3996 exercitu
489 3947 591 3997 Tiberii
610 3961 634 3998 s.
650 3948 702 3997 759
723 3948 790 3997 bello
810 3948 946 3998 Pannonio
967 3956 1113 3997 meruerunt
1132 3949 1207 4012 plura
1232 3963 1308 4012 quam
1328 3947 1416 3997 decem
1436 3954 1534 3996 vetera·

200 4051 295 4087 uorum
314 4036 395 4098 millu
415 4037 508 4102 quibus
526 4054 584 4089 cum
603 4046 767 4105 opponantur
786 4047 811 4088 et
830 4040 943 4102 legiones
963 4040 1019 4088 alae
1038 4041 1158 4089 cohortes
1175 4047 1201 4088 et
1218 4040 1364 4099 voluntarii,
1384 4039 1439 4087 sine
1455 4039 1534 4087 dubio

199 4127 385 4192 inteneguntur
403 4130 512 4180 evocati.
538 4154 572 4165 -
597 4130 721 4181 Claudius
740 4131 809 4195 quod
836 4130 870 4179 ad
893 4130 988 4180 bellum
1007 4131 1186 4180 Britannicum
1210 4139 1292 4180 certos
1315 4132 1384 4180 viros
1409 4131 1532 4190 evocarit,

199 4228 228 4269 ut
244 4218 378 4270 tribunum
396 4220 507 4271 militum
520 4223 718 4272 Arenticensem
738 4223 815 4271 inser.
836 4222 910 4272 Helu.
928 4223 991 4283 179,
1017 4222 1125 4271 sortasse
1144 4223 1205 4270 fecit
1223 4223 1354 4271 aemulans
1378 4222 1476 4271 liberae
1495 4223 1532 4270 rei

199 4310 319 4375 publicas
338 4313 561 4363 cousuetudinem.
582 4340 616 4349 -
639 4314 823 4364 Praetorisnos
842 4315 977 4363 aVitellio
997 4315 1088 4363 missos
1103 4315 1276 4377 Vespasianus
1296 4315 1414 4363 invitavit
1432 4314 1466 4362 ad
1485 4314 1533 4362 mi-

198 4403 281 4454 litiam
300 4403 498 4467 reciperandam
522 4405 638 4466 (Tacitus
656 4405 715 4456 hist
736 4407 766 4466 2,
788 4405 832 4467 82)
857 4413 883 4454 et
901 4413 972 4454 extat
990 4406 1078 4454 titulus
1097 4406 1173 4454 unius
1195 4420 1282 4454 eorum
1307 4406 1419 4454 urbanus
1439 4404 1468 4454 C.
1483 4405 1531 4464 VI,

199 4494 269 4545 2725
283 4490 340 4559 (egi
359 4494 393 4545 da
409 4509 441 4544 eo
451 4495 539 4547 Herm.
553 4498 586 4546 14
604 4512 631 4560 p.
642 4496 697 4560 32),
712 4498 756 4560 qui
769 4504 904 4562 postquam
918 4499 1010 4546 missus
1023 4504 1060 4546 cst
1074 4497 1182 4547 honesta
1195 4499 1316 4547 missione
1329 4512 1361 4546 ex
1375 4496 1480 4545 cohorte
1491 4496 1532 4545 IX

198 4586 332 4651 muria
349 4586 504 4648 modulus)
524 4594 562 4637 est
579 4585 612 4637 ab
629 4587 809 4656 imp(eratore).
830 4616 864 4625 -
885 4588 1004 4651 Denique
1022 4589 1141 4653 Lugduni
1153 4596 1225 4638 extat
1238 4590 1325 4639 titulus
1345 4587 1433 4650 (Orell.
1450 4588 1530 4648 3580)
1613 4642 1616 4646 A

197 4678 305 4729 muudi
317 4677 425 4740 menti,
443 4685 473 4728 ut
484 4685 554 4729 recte
566 4679 603 4729 sit
615 4678 775 4730 Schmidtius
793 4696 819 4744 p.
834 4679 896 4741 331,
915 4682 1027 4729 veterani
1041 4681 1150 4744 legionis
1162 4681 1253 4741 xxn,
1270 4682 1311 4745 qui
1326 4681 1416 4729 missua
1428 4678 1531 4729 Itonesta

196 4770 326 4831 niniam
350 4769 446 4821 cum
467 4771 535 4821 ister
551 4777 646 4821 ceteros
664 4779 843 4821 conveternnos
867 4786 925 4819 suos
947 4773 1073 4820 rerccitus
1097 4770 1160 4821 bello
1184 4771 1328 4835 interfectus
1346 4770 1415 4821 obiit.
1460 4773 1531 4820 Haec

197 4863 285 4913 unia
302 4860 339 4913 sd
358 4867 480 4913 evocato·
499 4862 611 4927 Augusti
629 4864 701 4913 nullo
720 4863 798 4913 modo
817 4864 945 4927 pertinere
965 4871 991 4911 et
1009 4878 1054 4926 per
1078 4879 1105 4911 se
1129 4872 1200 4926 patet
1224 4872 1250 4912 et
1273 4864 1332 4913 inde
1355 4864 1528 4922 confirmatur,

197 4953 264 5017 quud
283 4955 312 5003 iu
330 4953 409 5003 titulo
427 4954 507 5004 modo
527 4955 605 5005 citato
623 4955 724 5005 urbauo
742 4957 871 5005 revocatio
889 4954 952 5003 haec
971 4955 997 5002 in
1012 4960 1094 5003 eastra
1108 4962 1132 5004 et
1146 4957 1261 5004 evocatio
1274 4957 1379 5019 proprie
1393 4955 1429 5003 sic
1443 4954 1530 5018 appol·

194 5042 248 5095 ln
263 5058 321 5097 m
337 5046 507 5097 nominentur
524 5053 657 5113 tanqum
671 5045 798 5097 damam.
817 5071 850 5082 —
871 5046 978 5096 Evoesti
992 5045 1092 5097 Galbae
1106 5046 1188 5107 (Suet.
1202 5065 1224 5097 c.
1238 5047 1281 5107 10)
1295 5047 1334 5095 sui
1348 5054 1446 5095 tantum
1460 5045 1529 5094 simi·

194 5136 232 5187 l·
247 5142 320 5189 mt-
