3472 5826
134 485 205 538 1344
394 488 625 539 AVCTARIVM.
672 486 907 538 CAPPADOCIA
935 488 982 537 ET
1010 485 1186 537 GALATIA.
1396 467 1466 537 577

134 661 223 717 hasta
245 679 320 737 pura
343 659 432 736 (CN,
449 661 534 736 875).
552 694 589 703 -
615 661 690 719 Post
712 661 928 737 praefecturam
946 671 1114 720 castrorum
1129 660 1256 737 legionis
1270 659 1302 717 11
1317 659 1469 719 Maximus

134 765 233 822 factus
255 774 301 820 est
323 763 488 839 praefectus
506 764 655 822 exercitus
669 764 858 841 Aegyptiaci,
881 781 940 839 quo
956 783 1077 822 munere
1093 763 1263 841 fungentem
1274 762 1471 821 Alexandrini

134 868 356 924 honoraverunt
380 873 479 924 statua
502 866 532 923 in
555 866 654 941 patria
674 867 774 944 posita
797 866 941 942 Menaria)
964 866 1090 940 c(ausa).
1132 863 1191 925 Sed
1213 864 1244 922 id
1259 864 1388 922 officium
1411 883 1469 940 quo

135 977 261 1045 spectet,
284 968 460 1036 videndum3
483 985 592 1026 novum
617 968 693 1026 eninr
710 969 740 1025 in
756 968 851 1026 titulis
867 975 945 1025 certe
962 968 1078 1026 accidit.
1101 967 1276 1026 Posteriora
1291 974 1388 1025 aetate
1404 985 1469 1024 cum

135 1089 193 1128 uua
215 1071 281 1127 sola
303 1070 382 1145 legio
404 1071 435 1126 in
451 1071 592 1147 Aegypto
615 1070 756 1143 tenderet,
780 1071 806 1128 ei
829 1069 873 1127 ita
895 1070 1065 1145 praefuisse
1088 1070 1270 1147 praefectum
1294 1075 1469 1140 castrorum,

135 1179 168 1229 ut
189 1173 280 1249 legati
302 1172 427 1249 legionis
451 1173 531 1231 vices
554 1173 663 1231 faceret
678 1183 707 1231 et
722 1173 818 1232 solum
833 1173 1017 1250 praefectum
1034 1173 1167 1250 Aegypti
1184 1190 1274 1248 super
1289 1190 1323 1229 se
1337 1172 1470 1242 baberet,

136 1286 253 1333 constat
275 1294 339 1332 cum
363 1295 401 1332 ex
425 1275 511 1332 titulo
534 1295 559 1332 n.
579 1274 659 1334 6025
681 1276 792 1352 scripto
808 1276 974 1351 imperante
990 1276 1057 1346 Pio,
1079 1295 1139 1352 quo
1155 1273 1323 1351 praefectus
1340 1276 1469 1350 Aegypti

137 1385 165 1432 et
188 1377 353 1451 praefectus
377 1386 543 1436 castrorum
566 1378 732 1436 aedificium
757 1397 775 1435 a
796 1377 940 1436 militibus
960 1378 1070 1435 facturn
1092 1377 1135 1434 ita
1150 1377 1271 1435 omuino
1287 1376 1423 1435 dedicant
1439 1386 1471 1434 ut

137 1479 208 1536 alibi
230 1479 328 1535 solent
351 1480 440 1537 simul
463 1479 600 1538 dedicare
622 1480 712 1558 legati
734 1480 794 1538 duo
822 1480 994 1556 provinciae
1020 1487 1050 1536 et
1078 1478 1220 1555 legionis,
1250 1486 1310 1537 tum
1338 1498 1376 1538 ex
1403 1480 1470 1554 ipso

136 1580 370 1639 testimoniorum
393 1581 526 1651 defectu;
549 1599 617 1639 nam
640 1584 664 1640 ei
685 1584 763 1641 iuter
785 1582 840 1640 hos
863 1582 974 1658 gradm
995 1582 1103 1640 fuisset
1123 1582 1293 1659 praefectus
1308 1581 1436 1657 legionis
1452 1601 1471 1638 a

138 1691 301 1739 castrorum
324 1684 476 1757 praefecto
491 1684 629 1742 diversus
653 1692 681 1741 et
703 1684 729 1741 ei
746 1685 946 1761 praepositus,
969 1685 1033 1744 eius
1049 1684 1176 1742 instituti
1192 1683 1314 1760 aliquod
1329 1683 1471 1741 indicium

139 1795 321 1858 superesset.
363 1783 495 1861 Collegit
516 1786 583 1844 inde
596 1787 814 1845 Wilmannsius
838 1787 870 1862 (l.
885 1807 910 1845 c.
933 1806 962 1862 p.
976 1786 1029 1862 91)
1053 1804 1111 1862 quo
1128 1795 1261 1862 tempore
1284 1787 1315 1844 iu
1331 1787 1471 1863 Aegypto

139 1886 239 1960 plures
262 1886 394 1961 legiones
418 1888 595 1959 tendebant,
618 1889 744 1964 singulis
767 1889 935 1964 praefectos
959 1898 1123 1947 castrorum
1147 1888 1311 1966 praefulsse
1333 1897 1472 1966 parentes

139 2005 242 2045 omnes
260 1989 409 2063 praefecto
422 1990 563 2067 Aegypti,
586 2009 682 2065 neque
698 1991 785 2049 aliter
799 1992 906 2067 potuit,
929 2009 995 2049 cum
1010 1992 1185 2066 praesertim
1202 1989 1310 2050 Strabo
1328 1990 1376 2063 17,
1393 1988 1470 2061 1,12

139 2090 343 2148 Romanorum
359 2091 492 2167 Aegypti
514 2091 802 2151 administrationem
826 2110 968 2151 enarrans
983 2102 1013 2151 et
1028 2095 1217 2169 magistratus
1233 2110 1336 2152 omnes
1353 2110 1472 2151 enume-

138 2212 208 2249 rans
231 2193 266 2249 de
288 2194 440 2268 praefecto
459 2195 609 2253 exercitus
626 2204 732 2267 taceat,
755 2195 878 2253 Tacitus
894 2213 1011 2271 quoque
1034 2195 1161 2270 (bisti,
1179 2195 1231 2270 11)
1254 2195 1391 2253 similiter
1406 2213 1472 2254 eam

139 2295 308 2365 adumbret,
337 2296 367 2352 in
395 2295 480 2354 bellis
507 2298 635 2373 denique
657 2306 804 2373 quotquot
825 2297 862 2354 ad
884 2316 949 2354 eam
973 2299 1158 2372 provinciam
1181 2297 1387 2372 pertinuerunt
1413 2296 1472 2356 soli

139 2397 279 2472 praefecti
302 2398 472 2474 provinciae
492 2406 768 2457 commemorentur.
807 2397 866 2458 Sed
888 2399 945 2458 hoc
966 2407 998 2457 ut
1020 2408 1099 2458 recte
1118 2400 1262 2458 referetur
1284 2398 1322 2457 ad
1338 2406 1474 2474 tempora

138 2500 283 2574 Augusti,
310 2501 420 2577 quippe
450 2500 557 2576 quibus
586 2508 645 2559 tres
672 2502 806 2578 legiones
829 2503 1033 2579 Aegyptiacae
1060 2502 1153 2561 ternis
1175 2501 1280 2560 castris
1307 2501 1472 2574 tenderent,

140 2621 199 2660 uua
221 2602 444 2674 Alexandreae,
473 2603 568 2660 altera
590 2603 761 2678 Babylone,
787 2604 875 2661 tertia
902 2604 961 2662 alio
988 2604 1058 2663 loco
1085 2604 1190 2681 (supra
1210 2625 1238 2682 p.
1258 2603 1303 2679 9),
1331 2604 1374 2662 ita
1399 2603 1473 2662 haec

139 2704 287 2761 ordinatio
310 2723 368 2761 uon
392 2706 490 2780 potuit
513 2724 571 2761 uon
592 2707 709 2776 mutari,
732 2719 891 2781 postquam
916 2725 974 2763 tuna
996 2706 1115 2784 legione
1136 2726 1175 2764 ex
1191 2709 1331 2783 Aegypto
1348 2706 1474 2764 abducta

140 2807 216 2863 duae
237 2806 369 2880 reliquae
393 2808 565 2864 coniunctae
589 2807 625 2863 ad
641 2808 857 2866 Alexandriam
880 2808 1000 2866 tendere
1020 2817 1196 2884 coeperuut3
1219 2828 1287 2865 nam
1311 2807 1472 2866 secuudum

141 2927 176 2964 ea
204 2926 281 2981 quae
307 2909 371 2984 ipse
397 2908 612 2967 Wilmannsius
641 2909 660 2966 l.
684 2929 708 2966 c.
732 2930 761 2985 p.
779 2909 813 2967 91
845 2910 985 2985 exposuit
1011 2912 1118 2969 castris
1146 2911 1216 2969 licet
1243 2910 1369 2987 geminis
1396 2928 1472 2968 unus

139 3017 252 3066 tantum
282 3010 450 3085 praefectus
473 3021 525 3069 est.
569 3012 599 3068 Is
623 3018 721 3068 autern
744 3031 809 3069 cum
834 3011 871 3069 ab
894 3012 989 3071 altera
1010 3021 1078 3070 utra
1099 3012 1217 3089 legione
1239 3012 1385 3071 nominari
1413 3029 1473 3070 nou

141 3112 248 3186 possit,
271 3120 348 3169 recte
370 3114 540 3188 appellatur
559 3117 721 3189 praejectae
744 3118 878 3171 caercitas
902 3117 952 3189 qui
973 3125 1014 3172 eat
1035 3118 1065 3171 ia
1086 3113 1226 3191 Aegypto.
1263 3113 1354 3172 Redit
1375 3115 1473 3191 ipsum

141 3213 316 3270 vocabulum
339 3233 398 3271 non
422 3215 451 3271 in
474 3215 580 3285 titulis,
610 3215 662 3273 sed
686 3215 764 3289 apud
789 3215 943 3274 Philonem
975 3215 1057 3291 (adv.
1080 3215 1221 3274 Flaccum
1247 3216 1308 3293 13).
1352 3216 1384 3275 Is
1407 3235 1473 3274 nar·

141 3333 210 3372 rans
234 3333 280 3372 ree
304 3316 513 3374 Alexandreae
534 3326 635 3392 gestas
658 3317 822 3393 imperante
847 3316 926 3376 Gaio
949 3319 1152 3376 centurionem
1175 3319 1216 3375 ait
1238 3337 1276 3375 ex
1303 3319 1376 3376 urbe
1403 3317 1474 3376 mis·

142 3435 216 3487 stim,
239 3430 271 3475 ut
292 3418 474 3494 praefectum
491 3420 620 3495 Aegypti
644 3420 774 3477 vinctum
790 3419 916 3477 Romam
939 3421 1069 3491 duceret,
1092 3439 1158 3478 cum
1179 3404 1373 3492 escendisset,
1395 3419 1474 3478 mili·

142 3528 199 3576 tem
223 3520 370 3594 quendam
394 3522 520 3579 iussisse
542 3522 599 3578 sibi
622 3521 753 3579 indicare
775 3515 824 3592 τὴν
843 3516 929 3578 οἰκίαν
944 3512 1146 3604 στρατάρχου·
1168 3514 1258 3599 τούτῳ
1283 3523 1358 3597 (non
1376 3520 1473 3597 τοῦτο)

142 3613 200 3703 yrip
226 3612 363 3682 {Scribere
390 3617 420 3677 εδ
448 3614 599 3705 ἆπᾶῥρητον
626 3618 800 3698 ἀνενεγκεῖν,
827 3613 874 3679 ἵνα
900 3611 947 3680 κα)
973 3613 1009 3679 ἂν
1036 3613 1082 3700 δὲῃ
1110 3617 1314 3704 πολυχειρίας,
1343 3613 1402 3700 ἔχῃ
1427 3616 1474 3679 mlv

143 3713 413 3796 σνναγωνιοιίμενον.
451 3722 539 3782 Unde
561 3743 626 3782 cum
650 3725 769 3783 aliunde
786 3735 902 3784 constet
924 3727 978 3783 sub
994 3723 1117 3783 Nerone
1139 3737 1218 3785 certe
1241 3726 1317 3784 duae
1338 3725 1474 3801 legiones

142 3824 172 3879 re
196 3824 300 3882 nedem
323 3808 429 3883 eastra
453 3826 667 3884 Alexandrina
696 3828 857 3886 tetendisse
885 3827 1046 3902 (Iosephus
1068 3826 1297 3900 perraras.
1328 3828 1357 3898 4,
1375 3826 1423 3900 10,
1440 3828 1457 3885 5
1465 3845 1475 3898 ;

142 3943 232 4000 supra
254 3945 281 4001 p.
300 3926 347 3999 9),
377 3927 407 3983 id
429 3929 494 3985 hinc
517 3929 683 4004 colligimus
711 3929 769 3985 iam
798 3950 824 3986 a.
848 3928 885 3986 38
916 3927 1052 3985 similiter
1078 3929 1258 3998 obtinuisse3
1292 3948 1360 3985 nam
1390 3950 1476 4010 στρα·

142 4017 256 4106 τάρχευ
281 4030 389 4085 mentio
417 4038 496 4086 recte
518 4030 661 4104 explicari
685 4050 743 4088 non
767 4039 867 4105 potest
895 4029 953 4088 nisi
981 4030 1147 4106 adsumptis
1175 4029 1283 4088 castris
1307 4029 1473 4106 geminatis.

143 4127 285 4187 Similiter
307 4131 386 4205 quod
410 4130 561 4189 Liternius
582 4131 706 4205 Fronto,
730 4133 779 4207 qui
802 4131 831 4188 iu
854 4132 933 4191 bello
952 4133 1094 4190 Iudaeico
1117 4131 1285 4190 Titiam
1308 4130 1475 4189 vexillatio-

142 4231 229 4288 nibus
262 4232 396 4289 miliariis
425 4233 547 4291 duarum
578 4235 725 4310 legionum
752 4235 1003 4312 Aegyptiacarum
1037 4235 1183 4311 praefuit,
1217 4224 1476 4315 στρατοπεδάρχης

141 4332 311 4409 appellatur
333 4337 387 4389 τῶν
410 4330 464 4390 ἀπ’
493 4329 554 4412 (ἐπ’
579 4336 752 4394 Alexandra
779 4337 859 4413 apud
880 4336 1042 4395 Reuierum
1065 4336 1233 4413 proposuit)
1256 4329 1476 4418 ’Λλεξανδρείαν

141 4425 192 4490 δύο
215 4425 382 4509 ταγμάτων,
403 4447 482 4495 recte
497 4437 645 4497 Renierus
669 4439 787 4514 (conscit
808 4441 842 4496 de
861 4458 963 4514 yuerrc
978 4449 1041 4496 teau
1061 4457 1120 4514 par
1135 4439 1214 4496 Titus
1237 4458 1265 4515 p.
1282 4436 1321 4495 48
1338 4436 1416 4512 seq.)
1439 4455 1475 4496 eo

141 4537 266 4605 rettulit,
298 4539 377 4611 quod
401 4539 507 4597 castris
529 4541 658 4616 praefuit
680 4542 833 4617 utriusque
855 4540 996 4617 legionis,
1024 4540 1138 4598 addens
1165 4541 1255 4599 etiam
1277 4530 1314 4597 T'.
1331 4537 1475 4598 Suedium

142 4636 340 4709 Clementem,
369 4643 419 4714 qui
447 4660 521 4697 anno
544 4643 583 4697 II
611 4641 694 4717 Tau)
724 4646 790 4718 bap.
817 4642 952 4717 a(ostri),
979 4642 1011 4699 id
1041 4650 1086 4700 eet
1115 4643 1169 4713 79,
1202 4642 1391 4701 Memnonem
1422 4659 1474 4699 ex·

142 4739 256 4796 audivit
277 4741 465 4816 praestemus)
491 4752 650 4800 castrorum
673 4742 793 4817 (0111,
815 4745 880 4820 33),
903 4745 1020 4820 utrique
1042 4744 1158 4820 legione
1180 4744 1348 4820 praefuisse
1371 4741 1475 4801 videri.

141 4842 218 4900 Nam
243 4844 410 4917 praefectus
434 4844 579 4902 eiusmodi
602 4853 633 4903 ut
655 4855 734 4903 recte
757 4846 901 4903 exercitui
925 4846 1033 4904 dicitur
1054 4863 1207 4922 praeesse,
1234 4844 1331 4921 potuit
1352 4844 1475 4902 omniuo

141 4946 230 5002 etiam
255 4946 395 5020 praefecti
420 4957 587 5005 castrorum
610 4949 758 5005 vocabulo
780 4949 820 5005 uti
837 4949 991 5006 vocabulis
1006 4948 1157 5024 legionum
1174 4955 1226 5006 aut
1240 4946 1349 5005 additis
1365 4946 1477 5023 pariter

143 5056 195 5103 aut
217 5049 345 5106 omissis.
388 5048 489 5106 Desiit
511 5049 560 5124 qui
577 5050 789 5108 Alexandreae
804 5050 861 5108 fuit
875 5051 1043 5127 praefectus
1059 5060 1222 5108 castrorum
1239 5067 1330 5126 super
1344 5048 1476 5124 reliquos

143 5149 283 5223 eminere,
307 5157 465 5228 postquam
490 5153 640 5210 exercitus
658 5153 862 5231 Aegyptiacus
886 5154 921 5212 ad
945 5172 1032 5212 uuam
1047 5153 1194 5229 legionem
1211 5152 1348 5212 redactus
1364 5159 1422 5221 est3
1445 5148 1476 5207 id
