3450 5828
302 482 372 550 110
874 497 1055 549 uronursnu

298 672 496 730 conderentur
517 679 547 729 et
568 671 656 729 etiam
685 679 754 745 post
776 671 862 728 Pium
891 671 946 728 sub
969 670 1071 727 Marco
1097 678 1232 728 neutrum
1260 669 1349 745 plane
1375 668 1510 728 clausum
1537 675 1630 727 esset.

298 772 336 830 Ei
364 773 469 843 aetati,
498 773 680 850 temporibus
709 772 823 830 seilicet
845 771 968 829 Traiani
995 773 1137 830 extremis
1165 777 1195 830 et
1215 771 1362 830 Hadriani
1384 770 1507 847 Piique,
1540 770 1631 830 etiam

299 874 445 932 sermonis
467 875 634 950 proprietas
657 875 797 931 convenit
819 873 954 930 omuibus
977 883 1112 931 vetustae
1133 872 1357 931 consuetudinis
1381 872 1514 948 vestigiis
1540 872 1632 931 desti·

298 984 376 1047 tuta,
410 977 461 1034 sed
489 975 586 1032 alicua
612 975 682 1033 item
710 994 729 1032 a
756 975 950 1032 barbarismis
978 975 1042 1031 aevi
1072 974 1214 1046 labentis,
1247 991 1425 1051 quamquam
1459 973 1632 1033 soloecismi

299 1077 384 1149 tales,
408 1076 512 1152 quales
534 1077 682 1134 tenuiores
704 1076 785 1133 omni
808 1083 904 1133 aetate
923 1076 1145 1148 commiserunt,
1168 1077 1198 1134 in
1213 1076 1260 1134 his
1274 1094 1391 1152 quoque
1406 1075 1501 1135 titulis
1517 1075 1632 1152 passim

299 1179 567 1255 deprehenduntur.
612 1177 723 1235 Verum
747 1185 794 1235 est
816 1176 974 1251 aliquoties
1000 1179 1123 1254 reperiri
1151 1177 1275 1253 pluralis
1302 1177 1551 1253 significationem
1577 1196 1631 1253 per

298 1279 426 1338 litteram
462 1291 624 1338 extremam
651 1279 830 1355 geminatam
860 1278 907 1337 vel
935 1278 1153 1354 triplicatam¹)
1186 1263 1315 1353 itemque
1343 1279 1469 1337 duorum
1495 1279 1631 1355 adeoque

299 1381 388 1439 trium
410 1384 615 1458 Augustorum
639 1381 817 1439 mentionem
840 1379 910 1437 inici
920 1377 965 1455 ⁹);
995 1399 1048 1444 nee
1070 1380 1168 1437 minus
1191 1391 1374 1451 vernasset,
1403 1382 1430 1438 si
1456 1397 1630 1439 communes

298 1482 380 1558 leges
404 1479 572 1558 sequimur,
594 1492 654 1540 tam
677 1484 734 1540 hoc
755 1501 844 1558 quam
867 1480 918 1538 illo
941 1480 1050 1538 indicio
1073 1480 1111 1537 ad
1133 1481 1252 1539 tertium
1276 1481 1427 1541 saeculum
1448 1499 1512 1539 rem
1533 1490 1629 1541 traus-

298 1583 379 1641 serri.
424 1586 466 1642 At
486 1584 717 1660 geminationem
738 1583 866 1659 pluralis
889 1582 1077 1658 significandi
1100 1600 1191 1641 eausa
1212 1582 1302 1641 hodie
1321 1590 1441 1642 conant
1464 1601 1525 1641 uon
1546 1583 1629 1655 aiibi,

300 1685 352 1743 sed
374 1685 403 1742 in
420 1686 523 1743 Africa
544 1686 602 1744 iam
616 1684 772 1743 Hadriano
794 1685 960 1760 imperante
984 1684 1013 1741 in
1030 1703 1085 1743 usu
1100 1683 1237 1760 fuisse³)‚
1259 1693 1293 1743 ut
1306 1683 1335 1742 id
1351 1685 1521 1762 compendii
1533 1702 1629 1763 genus

300 1787 431 1845 conicias
454 1788 591 1865 coepisse
614 1807 632 1845 a
653 1786 866 1862 grammatistis
883 1784 1191 1864 Carthaginiensibus,
1214 1798 1409 1863 propagatum
1423 1787 1494 1846 inde
1508 1787 1630 1846 saeculo

300 1889 435 1965 sequenti
457 1891 495 1947 ad
517 1890 635 1947 Italiam
658 1888 849 1965 reliquasque
871 1889 1048 1964 provincias.
1100 1888 1208 1947 Plures
1229 1889 1358 1965 Augusti
1380 1890 1531 1965 quomodo
1553 1890 1631 1948 acci-

299 1990 400 2066 piendi
422 1991 483 2048 sint
504 2001 535 2049 ut
559 1991 655 2049 adbuc
677 2010 782 2067 parum
804 1991 974 2066 constat⁴),
1002 1992 1044 2049 ita
1063 2010 1151 2049 nemo
1174 1990 1281 2067 opinor
1302 1999 1424 2067 propter
1445 1991 1525 2051 huno
1546 2009 1630 2051 scru-

299 2091 401 2166 pulum
423 2092 527 2151 titulos
550 2093 688 2151 detrudet
710 2092 745 2149 ad
769 2092 919 2150 saeculum
943 2091 1054 2152 Severi.

341 2192 406 2250 Iam
434 2193 482 2251 ubi
508 2211 564 2253 nos
590 2194 789 2253 convertimus
818 2194 853 2251 ad
882 2195 1033 2253 titulorum
1061 2203 1279 2272 argumentum,
1311 2212 1387 2271 quae
1413 2195 1444 2255 iu
1470 2196 1510 2256 iis
1536 2216 1633 2255 enun-

299 2294 410 2352 tiantur
431 2294 572 2371 officiat)
601 2306 718 2372 praeter
739 2314 835 2373 pauca
857 2296 997 2355 militaria
1018 2298 1168 2374 pertinent
1188 2297 1226 2356 ad
1248 2316 1309 2356 rem
1331 2297 1509 2357 familiarem
1536 2298 1632 2376 impe-

301 2414 505 2425 --—..—.

359 2476 382 2540 ²)
405 2475 476 2529 Gaea.
496 2495 553 2528 aaa.
574 2479 660 2529 aer.A
681 2496 707 2529 u.
722 2481 770 2535 24,-
795 2495 869 2546 proc.
889 2478 1029 2545 depacti
1049 2497 1074 2530 n.
1090 2481 1139 2543 633
1165 2478 1266 2545 [ce]raa
1284 2481 1385 2548 Arm.
1407 2481 1430 2530 A
1456 2497 1483 2531 n.
1498 2482 1531 2532 bl
1554 2481 1634 2544 (vidit

300 2569 441 2633 Schmidt);
461 2571 546 2637 Aaqq.
565 2586 613 2621 ser,
634 2573 783 2621 similiterve
803 2569 847 2620 67.
868 2571 911 2620 68.
932 2573 976 2621 89.

357 2659 381 2724 ²)
400 2659 501 2729 Hospes
521 2659 591 2713 Caes.
611 2679 669 2714 aaa.
688 2664 775 2714 senat
796 2680 821 2713 u.
835 2665 878 2713 24.
898 2689 931 2698 -
952 2662 983 2712 P.
998 2663 1087 2713 Aelius
1101 2664 1268 2731 Aaqustoram
1288 2664 1370 2716 aaa
1389 2682 1416 2716 n.
1431 2662 1497 2728 261;
1517 2680 1632 2730 quocum

299 2756 469 2820 componendi
492 2762 551 2805 suut
573 2757 639 2804 tituli
663 2756 754 2805 urbani
778 2753 884 2804 Publius
908 2754 996 2804 Aelius
1016 2756 1100 2822 Aepy.
1128 2754 1170 2806 lib.
1193 2754 1328 2807 Callistiou
1353 2757 1383 2808 C.
1397 2758 1419 2808 Ι.
1434 2756 1481 2809 Gr.
1501 2757 1574 2808 6346
1594 2778 1632 2800 =

299 2846 328 2897 C.
342 2847 364 2896 Ι.
379 2848 409 2897 L.
423 2848 470 2909 VI,
487 2848 589 2909 10657;
609 2845 641 2896 P.
656 2847 711 2897 Aet.
727 2848 811 2913 Aupq.
831 2845 874 2896 lib.
893 2843 1069 2912 Chrysanthus
1088 2846 1167 2898 Orell.
1181 2847 1253 2898 4509
1274 2867 1308 2890 =
1328 2849 1358 2900 C.
1372 2852 1394 2900 1.
1407 2849 1438 2899 L.
1458 2850 1507 2910 Vl,
1522 2850 1631 2913 loeta,

301 2937 390 2988 Aeliae
408 2955 473 2990 ...s
488 2940 624 3006 Aequstor.
641 2937 709 3003 [lib]
722 2940 756 2989 ib.
768 2939 815 3000 VI,
832 2939 920 2989 10620
939 2940 1087 3003 similesque
1105 2940 1185 2989 adlati
1203 2940 1236 2990 ab
1249 2939 1425 2991 llirschleldio
1443 2937 1632 3007 Verwaltuoqs·

299 3029 382 3096 perci.
405 3033 417 3079 1
439 3048 464 3095 p.
479 3032 540 3081 276.
587 3031 707 3081 Duorum
726 3031 901 3096 Augustorum
924 3031 992 3080 servi
1015 3031 1132 3081 libertive
1157 3033 1252 3096 reperti
1275 3038 1335 3083 suut
1356 3046 1450 3098 magno
1468 3046 1577 3083 numero
1602 3033 1633 3082 iu

300 3122 459 3171 columbario
480 3131 586 3188 unoque
612 3123 647 3184 (A
667 3139 692 3172 n.
708 3123 751 3173 51.
772 3123 815 3173 57.
837 3124 880 3173 67.
901 3123 944 3173 68.
965 3123 1008 3171 83.
1031 3122 1091 3172 107.
1131 3120 1242 3173 Bmiss.
1262 3139 1288 3174 n.
1302 3127 1327 3176 9.
1348 3124 1391 3175 35.
1405 3124 1450 3177 49.
1465 3124 1509 3175 61.
1523 3124 1568 3175 65.
1584 3124 1631 3175 69.

300 3214 367 3264 Vall.
387 3229 412 3263 n.
429 3215 501 3275 118).
521 3241 555 3252 -
576 3213 652 3264 Proc.
672 3214 775 3281 Aquq.
794 3213 819 3262 A
839 3231 863 3265 n.
880 3215 923 3264 63.

358 3302 383 3366 ³)
406 3302 474 3355 Coss.
494 3307 586 3370 legitur
603 3312 655 3356 tam
676 3308 703 3357 in
722 3313 824 3356 senatus
843 3307 959 3357 consulto
973 3307 1005 3356 de
1018 3307 1140 3357 nundinis
1153 3308 1233 3357 saltus
1242 3306 1383 3373 Beguensis
1396 3322 1420 3359 a.
1433 3308 1484 3359 196
1499 3307 1540 3369 (C.
1552 3309 1631 3371 VIII,

301 3395 364 3458 270)
384 3411 460 3462 quam
480 3399 507 3447 in
526 3399 629 3448 decreto
648 3399 808 3449 Burunitauo
827 3399 970 3464 imperante
990 3398 1135 3449 Commodo
1153 3400 1258 3464 scripto.
1296 3399 1337 3450 Cf.
1357 3400 1612 3465 c.v111p.1oso.

357 3486 382 3550 ⁴)
405 3486 476 3538 Caes.
495 3506 553 3539 aare.
573 3505 661 3540 servm
678 3497 746 3541 reete
766 3491 848 3555 accipi
867 3491 962 3555 poterit
980 3491 1012 3539 de
1026 3491 1188 3555 Vespasiano
1201 3491 1262 3541 Tito
1272 3490 1433 3542 Domitiano.
1462 3494 1501 3543 At
1512 3490 1545 3540 P.
1557 3491 1634 3543 Aelii

300 3578 469 3646 Aequctoram
488 3579 573 3631 liberti
591 3599 641 3648 quo
660 3584 763 3648 proprie
782 3583 936 3647 pertineant,
956 3597 1050 3647 anceps
1069 3583 1185 3647 quaestio
1199 3588 1245 3632 est.
1278 3581 1361 3644 Quam
1377 3585 1510 3655 proposuit
1523 3583 1632 3634 Hirsch-

299 3671 393 3721 feldius
411 3671 429 3723 l.
444 3689 466 3722 e.
485 3674 722 3739 interpretationem
741 3675 879 3740 significari
898 3691 951 3724 uou
964 3681 1016 3723 tam
1030 3674 1172 3739 principem
1186 3675 1397 3725 manumissorem
1411 3690 1487 3740 quam
1501 3676 1632 3741 principes
1690 3656 1701 3673 ⁰

300 3780 331 3814 eo
351 3771 477 3830 tempore,
504 3782 554 3830 quo
576 3766 664 3816 titulus
686 3768 784 3831 positus
808 3775 859 3829 est,
888 3769 1056 3830 imperantes,
1080 3781 1126 3831 per
1152 3780 1179 3815 se
1202 3773 1271 3816 recte
1293 3765 1383 3829 habet,
1408 3781 1468 3818 nam
1488 3768 1631 3819 Caesarum

299 3857 339 3906 ius
358 3864 509 3922 patronatus
529 3873 586 3908 cum
606 3860 705 3924 reliqua
723 3874 811 3909 eorum
831 3875 859 3909 re
877 3858 1000 3909 familiari
1019 3859 1053 3908 ad
1071 3858 1199 3922 principes
1218 3858 1373 3923 posteriores
1393 3859 1532 3910 descendit.
1574 3859 1632 3912 Sed

300 3950 337 3998 ita
355 3950 423 4000 tituli
440 3950 468 4000 hi
482 3950 708 4016 Carthaginienses
727 3952 815 4015 scripti
834 3952 885 4001 sint
903 3965 1007 4001 necesse
1026 3956 1065 3999 est
1082 3950 1129 3999 sub
1148 3950 1347 4014 imperatoribus
1359 3951 1450 4002 Marco
1464 3958 1489 4001 et
1501 3952 1582 4012 Vero,
1603 3951 1631 4000 id

300 4042 369 4106 quod
389 4043 460 4092 nullo
478 4044 557 4093 modo
577 4043 679 4093 admitti
698 4043 800 4108 poterit.
838 4044 975 4092 chzenus
994 4042 1120 4092 urbanum
1135 4042 1186 4102 VI,
1209 4041 1298 4092 10620
1317 4044 1448 4094 revocarit
1465 4043 1499 4093 ad
1517 4041 1630 4095 Hadria·

300 4149 360 4183 num
381 4142 406 4183 et
425 4135 560 4198 Sabinam,
585 4151 631 4201 per
650 4151 678 4186 se
697 4137 759 4185 item
777 4142 858 4197 recte3
883 4137 929 4186 sed
948 4136 1003 4185 eius
1026 4138 1138 4187 mulieris
1163 4137 1261 4187 nullum
1284 4135 1408 4186 iudicium
1433 4135 1499 4185 tituli
1520 4134 1630 4185 Cartha-

299 4226 429 4289 ginienses
448 4228 581 4278 dederuut.
625 4227 708 4290 Quam
729 4228 762 4278 ob
785 4242 838 4278 rem
862 4228 1014 4291 videndum,
1039 4244 1124 4281 annon
1148 4229 1254 4295 pluralis
1280 4228 1442 4279 consecutive
1464 4228 1631 4292 accipiendus

300 4317 341 4377 sit,
361 4324 389 4367 ut
408 4318 518 4369 duorum
531 4320 707 4384 Augustorum
725 4320 830 4369 libertus
850 4322 871 4370 is
890 4322 1041 4385 appelletur,
1062 4323 1104 4387 qui
1124 4322 1297 4372 manumissus
1310 4320 1342 4371 ab
1356 4320 1489 4371 Hadriano
1501 4326 1561 4385 post
1574 4321 1632 4370 eius

302 4410 397 4459 obitum
417 4410 493 4460 Pium
512 4419 648 4476 patronum
667 4411 792 4462 habuerit.
840 4412 903 4463 Utut
923 4419 972 4475 est,
998 4414 1046 4463 hos
1065 4415 1152 4464 titulos
1171 4420 1268 4475 certum
1288 4420 1327 4463 est
1349 4426 1403 4463 esse
1426 4413 1484 4462 aeri
1503 4411 1631 4463 Hadriani

300 4509 326 4549 et
344 4501 394 4551 Pii.
420 4527 453 4537 -
478 4500 670 4554 Procuratorem
689 4504 762 4553 trium
782 4503 951 4569 depasturum
970 4507 1013 4571 qui
1032 4505 1241 4572 interpretabitur
1260 4505 1292 4555 ad
1312 4505 1458 4570 exemplum
1478 4503 1547 4554 acroi
1568 4501 1632 4554 Cae·

300 4607 385 4641 semim
404 4593 490 4656 trium,
511 4596 555 4644 vix
573 4596 749 4659 persuadebit,
770 4595 922 4662 debebitque
940 4597 982 4648 hic
1001 4612 1102 4664 quoque
1120 4599 1229 4649 fortasse
1249 4598 1331 4663 accipi
1351 4596 1384 4648 de
1402 4612 1434 4647 eo
1454 4597 1498 4662 qui
1514 4596 1632 4662 pluribus

300 4685 496 4749 imperatoribus
514 4700 547 4735 ex
567 4685 658 4736 ordine
677 4688 832 4751 procuravit.

359 4774 383 4838 ⁵)
402 4776 435 4827 In
453 4777 596 4842 fragmento
615 4775 640 4827 B
657 4777 725 4830 Vall.
745 4795 771 4830 n.
789 4781 838 4831 141
860 4783 915 4831 riso
935 4782 1013 4833 etiam
1033 4781 1190 4835 Schmidtio=

852 4887 915 4929 caes
937 4901 944 4916 ·
963 4890 1008 4930 N·
1025 4888 1079 4931 SER

899 4972 914 5012 l.
929 4973 949 5012 Α
965 4972 983 5012 T
1000 4971 1023 5014 0
1039 4972 1078 5014 st

833 5055 884 5096 aiei
900 5054 990 5097 Τ·ΑΝ
1002 5055 1080 5098 dlxi(

301 5156 362 5222 quid
381 5158 459 5208 fuerit
477 5158 601 5209 incertum
622 5165 674 5221 est;
694 5158 803 5210 tortasse
824 5156 1007 5224 [eolcu]lutori.
