3450 5828
704 481 907 534 AEGYP'PVS.

475 802 776 866 HEROONPOLIS
800 805 1111 884 (Tell-el-Maaetuta).

126 980 169 1041 14
191 980 312 1057 roaqllp
334 981 482 1040 aorntslad
502 1001 538 1040 on
560 1001 580 1039 a
599 982 682 1040 wlite
703 992 791 1052 atone,
814 983 1099 1045 Tell-eldmensens
1120 1004 1211 1065 prope
1232 984 1394 1064 Isma'iliye
1417 987 1454 1044 ad

170 1083 362 1143 occidentem.

723 1184 856 1229 LOC00

722 1284 818 1329 tout
852 1300 861 1318 ·

752 1389 821 1433 ΕΚΘ

719 1491 859 1535 casina

120 1736 243 1796 Narille
267 1734 413 1812 Academy
435 1755 463 1794 n.
480 1735 541 1796 566
566 1735 675 1813 (1683)
699 1755 727 1812 p.
747 1734 814 1794 176.

168 1841 180 1896 l
208 1857 297 1897 mauu
319 1839 438 1898 diversa
459 1839 587 1915 scriptus
610 1847 665 1898 est.
689 1873 726 1881 —
752 1838 769 1896 2
788 1839 916 1916 pardus]
937 1837 1066 1899 Naville.
1091 1872 1128 1883 -
1151 1842 1199 1899 Ad
1214 1843 1356 1920 oppidum
1370 1845 1450 1921 quod

121 1941 332 2019 appellabatur
351 1932 457 2022 Ἡρώων
479 1932 560 2002 πόλις
582 1943 723 2020 Aegypti,
746 1942 815 1999 item
836 1931 908 2022 ‘Hpa'
931 1941 991 2017 (sio
1008 1939 1178 2018 Stephanus
1194 1944 1357 2020 Byzantius
1381 1964 1405 2004 s.
1421 1968 1449 2006 v.

119 2052 151 2102 et
171 2044 356 2102 itinerarium
371 2043 516 2103 Antonini
538 2062 565 2120 p.
582 2043 640 2102 170
662 2052 693 2102 et
713 2044 792 2120 lapis
815 2043 961 2102 miliarias
982 2044 1062 2103 infra
1082 2065 1109 2105 n.
1129 2046 1180 2122 18)
1203 2048 1253 2121 qui
1269 2047 1343 2106 haec
1358 2051 1451 2107 scari·

118 2147 222 2223 phavit
244 2165 314 2204 uum
337 2146 468 2204 indicare
491 2146 617 2204 voluerit
638 2165 674 2204 eo
696 2130 828 2222 tempure
844 2155 961 2221 portum
978 2155 1006 2205 et
1021 2156 1120 2205 castra
1133 2148 1235 2220 fuisse,
1257 2150 1376 2209 dubium
1392 2159 1448 2210 est.

118 2248 216 2326 Magis
238 2249 381 2325 cogitavit
405 2247 550 2326 deporta
579 2268 648 2307 vere
677 2249 824 2307 maritimo
846 2249 977 2306 Arsinoe
1006 2250 1069 2306 siro
1091 2247 1247 2327 clysmate
1274 2250 1316 2327 (v.
1338 2271 1367 2311 n.
1387 2254 1448 2328 18);

118 2370 300 2428 quamquam
322 2350 360 2409 ab
374 2349 558 2427 Heroonpoli
580 2369 646 2408 oum
661 2351 746 2410 fossa
760 2350 880 2410 duceret
894 2352 932 2409 ad
947 2361 1065 2427 portum
1081 2372 1157 2424 eum,
1181 2350 1290 2412 Strabo
1305 2354 1370 2428 (16,
1386 2355 1446 2426 4‚4

119 2473 147 2530 p.
161 2452 237 2528 768)
261 2453 299 2511 ab
320 2452 373 2510 illo
396 2451 506 2530 oppido
529 2453 572 2511 ait
592 2452 683 2512 maris
707 2454 827 2512 Arabici
850 2453 928 2512 latus
950 2454 1133 2513 occidentale
1154 2454 1294 2532 incipere.

633 2899 798 2963 coPTvs
822 2900 931 2980 (Kust).

120 3091 160 3151 15
183 3094 252 3150 deur
272 3094 386 3167 pierres
408 3092 520 3149 carries
543 3110 576 3149 en
597 3090 707 3149 basalte
727 3094 793 3148 noir
814 3091 893 3149 altae
913 3100 988 3150 cent.
1002 3091 1051 3162 36,
1074 3091 1152 3149 latae
1173 3098 1248 3150 cent.
1265 3092 1314 3165 36,
1337 3094 1446 3154 litteris

159 3195 229 3252 altis
250 3215 277 3252 o.
296 3197 322 3251 l.
359 3194 421 3251 Eas
437 3192 527 3270 Copti
550 3212 587 3251 m.
609 3193 718 3252 Martio
741 3213 767 3251 a.
787 3192 865 3252 1883
888 3194 1018 3270 repperit
1032 3194 1173 3270 Maspero
1195 3197 1349 3254 eocuatre'ea
1372 3200 1445 3256 dana

157 3297 183 3353 lo
210 3314 274 3354 mar
299 3296 436 3354 satiricur
466 3297 534 3354 dan
562 3297 658 3373 edifica
684 3296 757 3354 ritae'
782 3314 833 3354 aar
858 3296 883 3353 le
902 3297 1002 3371 sorum
1028 3298 1063 3355 da
1088 3297 1118 3355 la
1144 3297 1224 3367 uilla,
1258 3317 1444 3375 nequaquam

158 3399 224 3458 looo
246 3419 292 3470 eo,
315 3398 361 3457 cui
384 3399 466 3476 ipsae
488 3398 653 3457 destinatae
675 3397 801 3467 luerunt,
824 3406 853 3455 et
875 3398 904 3454 iu
927 3416 1029 3457 museo
1050 3398 1210 3458 Bulacensi
1233 3400 1397 3460 collocarit.

560 3565 693 3638 (Tantum
713 3567 776 3624 eide
793 3586 883 3642 paqp.
907 3565 1001 3642 seqq.)

157 3736 282 3815 Eotypa,
305 3755 383 3812 quae
398 3735 555 3813 Masperus
578 3734 806 3792 communicavit
827 3752 893 3792 oum
909 3734 1037 3792 Ernesto
1053 3732 1253 3809 Desjardiui0,
1276 3736 1347 3794 mihi
1363 3737 1444 3795 misit

116 3838 242 3899 Carolus
268 3839 382 3897 Tissot.
432 3837 534 3897 Edidit
560 3835 739 3910 Desjardins
765 3843 879 3912 partem
905 3836 1000 3894 Ranae
1032 3839 1151 3913 critique
1183 3837 1327 3896 diirtoira
1355 3848 1381 3896 et
1409 3841 1443 3897 da

115 3943 272 4001 litterature
296 3941 373 3999 1883
397 3940 453 3998 Iul.
471 3939 504 4011 9,
532 3939 632 3997 omnia
654 3950 773 4015 comples
796 3938 901 3998 radus
924 3939 958 3996 da
981 3937 1155 3998 l‘Acade'mie
1183 3941 1230 3998 dea
1255 3941 1442 4016 [ascriptione

117 4043 196 4103 1883
219 4063 247 4120 p.
265 4043 336 4102 217.

157 4146 346 4222 Quamquam
368 4144 483 4204 litterae
506 4122 622 4220 aliquot
643 4143 720 4202 male
742 4150 882 4201 exaratae
905 4153 974 4201 suut
996 4143 1052 4219 (ita
1072 4163 1127 4221 pro
1149 4160 1192 4202 ru
1215 4162 1304 4220 saepe
1325 4145 1442 4206 ridetur

114 4249 265 4326 esserra),
288 4236 381 4306 nihilo
403 4247 501 4306 miuus
524 4247 613 4305 lectio
635 4253 699 4304 tota
720 4252 800 4303 certa
818 4253 864 4303 est
882 4255 912 4303 et
926 4245 1158 4304 evidentissima.
1197 4244 1356 4306 centuriae
1371 4257 1442 4308 nota

114 4352 213 4410 ubivis
234 4351 360 4410 sormam
388 4349 478 4409 habet
502 4343 616 4428 hano>
643 4349 848 4425 antiquiorem.
898 4345 1111 4406 centurionum
1139 4349 1259 4408 nomina
1286 4349 1315 4411 iu
1341 4352 1442 4409 tabula

112 4455 214 4530 priore
234 4452 410 4530 plerumque
431 4451 596 4529 paullulum
623 4451 752 4509 eminent
779 4451 817 4508 ad
842 4451 1014 4526 marginem.
1063 4451 1098 4510 lu
1121 4453 1285 4529 posteriore
1307 4455 1441 4513 clausula

112 4577 141 4614 r.
158 4555 260 4614 9-14
282 4564 351 4633 post
372 4565 487 4630 tempus
510 4553 662 4631 adscripta
683 4563 738 4623 est,
760 4553 829 4610 item
852 4552 979 4611 secundo
1002 4555 1134 4612 auctario
1157 4555 1262 4614 adiecti
1284 4557 1372 4613 v.15.
1392 4557 1439 4617 16.
1522 4615 1529 4622 ,

112 4658 197 4718 Infra
218 4676 271 4717 eos
293 4675 398 4716 versus
420 4655 548 4733 spatium
571 4674 697 4714 saeuum
719 4656 870 4714 remansit.
906 4654 1041 4732 Linguae
1063 4657 1134 4714 vitia
1155 4657 1236 4715 nulla
1250 4657 1440 4716 inveniuntur

113 4766 144 4820 in
166 4762 233 4836 ipso
255 4759 398 4818 lateroalo
406 4780 414 4830 3
437 4759 467 4817 in
490 4759 630 4818 auotariis
653 4759 784 4818 exaratis
806 4758 926 4818 omuino
947 4758 1072 4817 afabris
1088 4759 1185 4817 minus
1201 4758 1305 4835 peritis
1321 4768 1439 4836 praeter

112 4861 306 4922 Graecismos
329 4861 414 4932 2,16
438 4863 510 4919 locri
532 4860 604 4932 et2,
622 4862 656 4920 11
675 4859 833 4937 Apollonos
856 4860 899 4934 (ln
921 4860 1040 4918 nomine
1062 4861 1182 4938 proprio
1205 4861 1278 4937 loci)
1301 4861 1372 4919 vitia
1387 4862 1439 4920 ad·

110 4972 182 5024 sunt
203 4963 232 5037 2,
255 4966 292 5023 14
319 4966 383 5022 idas
405 4982 460 5039 pro
482 4963 576 5022 idibus
598 4972 628 5022 et
650 4961 678 5036 2,
702 4964 737 5022 15
764 4971 889 5023 cestram
910 4963 1031 5021 omnino
1058 4982 1112 5040 pro
1136 4974 1248 5034 costra3
1280 4964 1338 5021 hoo
1360 4965 1437 5023 enim

109 5067 207 5126 voluit
227 5066 278 5144 qni
300 5066 420 5145 scripsit
440 5085 535 5143 nequa
557 5065 722 5127 audiendas
743 5065 800 5125 erit
821 5065 847 5126 si
875 5065 925 5144 qui
952 5065 1174 5142 eastram(etati)
1200 5066 1332 5125 simileve
1358 5085 1435 5127 eom·

109 5168 251 5249 pendium
273 5169 342 5229 inde
363 5169 479 5229 efficiet.
