3450 5828
583 504 886 559 onsuuvaurouus
906 506 1194 559 ueroaseurcnn.
1481 489 1552 560 149

216 679 295 751 sior,
319 685 459 739 suctum
481 696 543 738 uon
563 679 764 753 tradiderunt,
793 687 826 737 ut
846 680 993 757 quidquid
1015 680 1052 738 de
1076 699 1112 738 ea
1132 699 1165 738 re
1187 682 1277 739 statui
1303 681 1415 757 possit,
1441 689 1493 739 aut
1515 700 1552 739 ex

214 779 348 841 universi
369 779 501 840 instituti
524 781 698 841 condicione
720 790 751 840 et
772 782 955 859 proprietate
977 782 1179 860 colligendum
1204 782 1244 841 sit
1265 791 1317 840 aut
1339 802 1377 841 ex
1400 793 1552 841 auctorum

215 881 292 941 locis
317 881 424 958 paucis
450 882 606 958 titulisque
631 884 703 942 item
731 900 789 942 nou
816 883 937 955 multis,
969 884 1020 959 qui
1047 885 1078 942 in
1107 881 1233 961 singulis
1261 885 1392 942 evocatis
1421 884 1552 943 officium

213 984 375 1044 suuutisut
396 982 443 1041 vel
467 983 611 1044 indicunt.
653 982 729 1044 Cum
756 993 874 1043 constet
899 1003 1116 1064 saepenumero
1142 992 1281 1043 evocatos
1309 996 1463 1060 promotos
1485 1005 1552 1045 esse

215 1084 256 1145 sd
287 1084 515 1144 centurionatus
525 1085 568 1161 ¹),
606 1085 705 1145 adbuc
732 1085 910 1146 credidimus
939 1087 1011 1145 illud
1039 1104 1148 1164 corpus
1177 1095 1329 1162 tamquam
1359 1087 1551 1147 seminarium

213 1186 313 1246 fuisse
327 1187 549 1258 centurionum
572 1187 625 1247 sed
648 1187 722 1247 haec
744 1197 776 1246 ut
798 1188 859 1246 alia
879 1188 1029 1247 tralaticia
1044 1188 1138 1247 multa
1156 1187 1193 1246 de
1216 1208 1247 1248 re
1263 1188 1384 1246 militari
1400 1188 1551 1248 Romano-

214 1305 283 1347 rum
297 1305 370 1347 rere
383 1287 578 1348 fundamento
592 1298 704 1361 carent,
726 1290 886 1366 possisque
908 1291 973 1367 puri
995 1291 1058 1348 inre
1074 1289 1253 1348 contendere
1268 1290 1406 1348 tribunos
1425 1290 1551 1349 militum

213 1388 375 1448 institutos
396 1406 465 1449 esse
486 1402 610 1467 propter
628 1391 862 1468 procurationes.
895 1390 992 1450 Immo
1007 1391 1108 1450 obstat
1129 1411 1188 1450 uon
1204 1389 1310 1462 solum,
1332 1390 1411 1467 quod
1432 1402 1550 1467 praeter

213 1496 359 1551 evocatos
381 1489 471 1549 etism
492 1510 531 1551 ex
552 1491 769 1570 principalibus
786 1493 923 1570 optiones
945 1503 975 1550 et
992 1493 1088 1569 magis
1104 1494 1194 1551 etiam
1208 1492 1399 1551 cornicularii
1420 1493 1552 1569 legitime

213 1591 256 1651 sd
276 1591 516 1653 centurionatum
539 1603 752 1670 promoventur
761 1592 803 1671 ⁹),
825 1594 877 1652 sed
900 1594 993 1652 multo
1015 1595 1121 1673 magis,
1143 1594 1224 1671 quod
1239 1595 1282 1652 ita
1296 1593 1378 1653 nulla
1393 1611 1486 1652 causa
1500 1613 1551 1671 ap·

212 1708 313 1779 putet,
334 1716 387 1757 cur
406 1696 514 1757 urbani
535 1695 647 1754 milites
669 1695 729 1755 soli
750 1695 788 1753 ad
810 1697 1013 1755 evocationem
1036 1696 1238 1755 admittantur.
1271 1694 1350 1753 Nam
1369 1713 1560 1771 quamquam,

211 1800 407 1861 centuriones
427 1806 509 1857 certe
530 1796 687 1873 legionarii
711 1797 839 1856 maxime
861 1797 979 1857 labente
1001 1805 1098 1856 aetate
1120 1814 1229 1872 magna
1251 1815 1289 1855 ex
1311 1805 1394 1874 parte
1417 1817 1455 1855 ex
1473 1798 1550 1857 mili-

211 1903 259 1962 ria
278 1902 395 1962 nrbsus
413 1907 629 1979 provenerunt,
657 1899 761 1974 quiin
786 1899 904 1976 legione
931 1899 960 1956 in
988 1899 1093 1958 ordine
1120 1899 1272 1957 merebant
1299 1917 1317 1955 a
1344 1900 1550 1958 centurionatu

211 2004 302 2064 nullo
331 2013 464 2079 tempore
495 1994 725 2075 arcebantur³)‚
758 2019 812 2059 nec
840 2000 927 2058 facile
955 2020 1053 2059 rerum
1082 2001 1194 2076 peritus
1222 1999 1356 2058 admittet
1378 2000 1548 2076 Augustum

211 2104 409 2166 seminarium
434 2102 640 2163 centurionum
669 2101 900 2178 legionariorum
927 2102 970 2159 ita
997 2101 1180 2173 condidisse,
1208 2109 1239 2158 ut
1267 2102 1398 2159 urbanae
1426 2102 1549 2160 militiae

212 2207 272 2269 soli
295 2214 420 2285 pateret
464 2201 563 2277 Quam
585 2204 624 2262 ob
646 2223 708 2262 rem
729 2205 786 2263 etsi
808 2213 999 2262 evocatorum
1023 2221 1131 2281 corpus
1154 2202 1262 2261 multos
1286 2201 1381 2273 dedit,
1408 2203 1458 2277 qui
1481 2221 1548 2260 cen-

210 2309 395 2369 turionatum
416 2306 448 2364 iu
470 2305 586 2383 legione
608 2314 757 2382 caperent,
780 2306 877 2381 ipsum
901 2306 966 2364 siue
982 2304 1072 2364 dubio
1094 2306 1132 2363 ob
1148 2304 1225 2362 alias
1245 2321 1354 2362 causas
1376 2303 1546 2362 institutum

209 2419 269 2471 est.
301 2409 366 2469 Eae
387 2415 421 2467 ut
441 2405 664 2486 intellegantur,
687 2406 856 2485 colligenda
877 2418 947 2466 sunt
967 2425 1043 2482 quae
1066 2406 1102 2464 de
1125 2405 1252 2484 siugulis
1275 2413 1465 2463 evocatorum
1483 2406 1546 2463 osti-

207 2513 269 2573 ciis
289 2517 451 2589 supersunt
471 2509 657 2581 testimonia,
680 2509 898 2584 videndumque
919 2528 989 2566 uum
1012 2507 1081 2566 inde
1103 2507 1214 2583 aliquid
1237 2506 1384 2565 efficiatur
1406 2507 1484 2582 quod
1507 2507 1547 2564 ad

207 2615 313 2692 ipsum
334 2627 445 2689 corpus
466 2609 671 2686 perveniat4).

314 2732 346 2809 1)
367 2731 514 2791 Evocatus
535 2731 662 2806 Augusti
686 2731 722 2788 ab
748 2735 821 2790 actis
842 2733 909 2804 sori
933 2739 1068 2806 repertus
1091 2738 1138 2787 est
1163 2729 1193 2786 in
1215 2728 1310 2787 titulis
1332 2729 1545 2789 Auximatibus

366 2832 484 2892 duobus
506 2829 541 2891 G.
558 2831 616 2904 lx,
632 2830 724 2892 5839.
740 2832 832 2902 5840,
855 2842 982 2891 evocatus
1004 2835 1034 2889 in
1049 2833 1120 2907 soro
1142 2831 1178 2888 ab
1201 2833 1272 2889 actis
1296 2830 1325 2887 in
1341 2830 1482 2889 Atellano
1505 2831 1544 2903 X,

366 2934 459 2994 3733.

207 3068 211 3073 ·
307 3037 342 3114 2)
363 3036 510 3096 Emoutus
539 3054 558 3094 u
584 3035 817 3111 commeretwriia)
847 3034 1066 3110 credendarum)
1102 3032 1250 3092 invenitur
1277 3035 1309 3091 in
1336 3033 1422 3092 titulo
1453 3051 1545 3111 supra

364 3157 394 3215 p.
414 3137 471 3197 148
494 3137 559 3197 ml
580 3135 674 3196 relato
695 3138 817 3196 invento
832 3136 1009 3206 Ravenuue3
1031 3135 1157 3194 conferri
1179 3144 1279 3212 potest
1297 3132 1330 3193 C.
1347 3134 1404 3192 Th.
1422 3135 1450 3207 9,
1467 3136 1495 3205 3,
1512 3137 1544 3194 5:

364 3241 408 3299 ud
423 3242 695 3298 commentariensem
712 3249 886 3314 receptorum
901 3255 1092 3313 personarum
1108 3238 1239 3295 custodia
1253 3237 1466 3313 observatioque
1476 3257 1545 3313 per·

364 3344 456 3401 tissut
479 3358 545 3399 cum
571 3339 765 3399 adnotatione
792 3337 981 3399 Gotholredi.
1004 3370 1043 3381 -
1067 3339 1184 3398 Vononi
1211 3356 1335 3416 regnum
1361 3339 1542 3398 Parthorum

362 3442 523 3501 adfectanti
545 3449 576 3501 et
595 3459 666 3520 rege
687 3460 789 3500 eorum
804 3441 958 3498 Artabano
981 3450 1098 3516 petente
1120 3440 1361 3517 Pompeiopolim
1382 3440 1413 3498 in
1435 3440 1544 3499 cilicia

362 3543 497 3623 relegato
518 3543 673 3603 custodiae
688 3561 781 3602 causa
795 3543 961 3601 Remmium
977 3552 1132 3601 evocatum
1148 3543 1318 3618 appositum
1334 3561 1399 3601 esse
1414 3541 1542 3601 Tacitus

363 3653 470 3704 namot
490 3643 573 3720 (sun.
589 3644 618 3716 7,
642 3643 680 3703 68
703 3646 740 3704 cl.
757 3643 821 3720 61).

305 3746 342 3825 3)
363 3746 512 3807 Εοοσαωε
527 3744 654 3823 Augusti
674 3765 693 3805 o
715 3746 926 3822 quaestionibus
944 3746 1153 3822 proer‘ectorum
1171 3750 1318 3822 praetorio
1341 3753 1388 3804 est
1410 3745 1440 3803 in
1455 3745 1542 3804 titulo

205 3930 418 3945 -—

263 4060 290 4123 ¹)
309 4058 433 4113 sennim
448 4077 475 4127 p.
489 4060 556 4123 ³453
577 4060 610 4111 ci.
629 4059 715 4111 Canes
732 4060 760 4110 in
779 4060 828 4111 hec
849 4060 917 4126 tuph.
930 4060 970 4112 tv
989 4076 1015 4124 p.
1027 4061 1091 4110 480.
1135 4059 1188 4109 Dio
1209 4058 1252 4120 78,
1274 4059 1289 4109 5
1309 4057 1376 4109 inter
1395 4057 1543 4109 coniuratos

200 4150 231 4207 h
249 4152 407 4207 &nullm
425 4152 532 4203 mem
549 4153 667 4203 nominat
683 4152 779 4202 Iulium
794 4152 941 4203 Martialem
961 4146 985 4201 iv
1003 4168 1030 4199 τι
1049 4152 1102 4208 τοῖς
1120 4137 1272 4214 donatiuum
1291 4138 1484 4217 uspersus'psvsr
1501 4147 1543 4198 aul

201 4230 279 4314 dm's
299 4237 396 4294 stairo
411 4241 448 4308 ἐὖ
464 4238 599 4308 ’Δκωνίνῳ
617 4237 721 4315 ἶχοντα,
745 4228 783 4293 ἔτι
799 4239 995 4314 ἱκατονταρχίαν
1014 4231 1144 4306 αἰτήσαντι
1164 4236 1205 4290 otis
1225 4230 1347 4290 idedeina.

262 4334 290 4400 ¹)
310 4335 398 4388 cerer
415 4337 471 4388 Le.
490 4353 516 4404 p.
530 4336 592 4387 471.
606 4335 669 4387 475.
697 4335 823 4402 Optiones
842 4344 927 4385 tamen
947 4351 1008 4386 num
1031 4335 1190 4386 sollemniter
1210 4337 1247 4384 ita
1261 4340 1468 4399 promoveantur,
1489 4349 1542 4383 nou

202 4430 262 4481 slus
279 4440 362 4479 nun
379 4428 407 4479 iu
426 4427 612 4479 dubitationem
633 4428 742 4478 vocavit.
774 4426 824 4490 Qui
844 4427 878 4477 ad
897 4429 1101 4478 centurionatum
1120 4442 1152 4477 ex
1170 4429 1227 4477 loco
1243 4427 1366 4477 inferiore
1379 4427 1539 4491 perveniunt,

203 4530 234 4571 st
250 4518 374 4587 rigum
390 4526 417 4570 st
435 4519 603 4581 benenatum,
623 4534 668 4570 eos
686 4520 753 4570 saltu
771 4527 906 4584 promotos
925 4534 980 4569 esse
1000 4519 1138 4569 verisimile
1157 4526 1204 4568 est.

260 4609 288 4673 ⁸)
306 4612 468 4677 Hsguopsrs
487 4611 686 4663 desiderandum
704 4619 756 4672 est,
785 4618 815 4660 ut
833 4611 986 4675 colligantur
1005 4611 1160 4660 documenta
1179 4611 1210 4660 de
1229 4611 1425 4661 condicionibus
1453 4617 1541 4660 centu·

200 4704 336 4767 risum,
360 4703 422 4754 dico
445 4704 479 4754 de
502 4704 602 4769 origine
624 4702 809 4768 stipendiisque
830 4709 890 4752 unte
911 4702 988 4753 factis
1011 4717 1137 4768 quaenam
1161 4703 1230 4767 leges
1253 4702 1322 4768 apud
1340 4702 1473 4754 Romanos
1496 4716 1541 4766 per

201 4796 309 4847 uren
324 4801 444 4861 tempora
460 4796 490 4846 iu
508 4810 556 4845 usu
574 4795 670 4845 fuerint
688 4802 716 4845 nt
735 4794 884 4860 explicetur.
982 4817 991 4841 ι

258 4883 289 4951 ⁴)
305 4884 394 4938 Rotas
414 4886 470 4948 VI,
492 4886 564 4938 3373
583 4886 634 4938 111.
648 4886 698 4937 b'lr
721 4891 816 4934 Evou
838 4893 864 4936 et
874 4887 920 4948 1v,
940 4887 989 4937 51:
1012 4889 1095 4933 Evoc
1112 4890 1133 4931 u
1154 4886 1215 4951 quid
1232 4885 1382 4949 significent,
1398 4886 1540 4950 ignoratur.

196 4974 333 5033 M
349 4974 528 5045 dnsfies'm'us
544 4977 650 5029 defendi
669 4992 723 5030 uon
741 4985 826 5044 potest
845 4979 895 5029 nisi
914 4986 941 5027 ut
960 4979 986 5028 id
1005 4978 1110 5029 abusive
1129 4979 1252 5043 scriptum
1271 4978 1304 5026 sit
1320 4992 1367 5042 pro
1387 4985 1489 5029 euocato
1509 4995 1540 5028 cs

198 5066 377 5139 waiet
398 5069 447 5133 sed
463 5084 525 5131 sum
542 5070 571 5121 iu
589 5071 682 5122 eodem
701 5071 826 5122 laterculo
845 5077 913 5125 recte
931 5073 1053 5136 seriptum
1072 5072 1104 5124 sit
1125 5069 1263 5134 enodatas)
1283 5085 1313 5120 es
1331 5069 1487 5136 nimbifero),
1512 5071 1539 5121 in

196 5160 271 5217 hs
287 5168 360 5215 κὴ
377 5160 407 5219 ld
423 5175 480 5215 uos
496 5160 576 5218 aaut.
