3450 5828
194 517 265 589 out
642 535 919 586 nnnruanronna
946 535 1030 585 vor..
1050 533 1093 584 ιιι
1462 536 1530 584 1422

602 637 802 645 ---.....-..-.
816 640 823 644 -

195 709 268 786 175)
291 709 389 767 consul
403 711 504 785 suetus
527 720 607 780 esset,
628 713 688 767 nisi
708 713 738 768 in
757 709 910 768 Marianos
926 709 1088 768 eorraulotus
1111 707 1152 782 (a.
1166 728 1194 766 u.
1210 727 1236 766 e.
1253 706 1437 784 tto-054)
1461 718 1488 766 at
1506 710 1535 764 ia

193 830 241 870 eoa
260 815 404 888 petitionis
427 815 577 887 capitatim
598 814 754 882 incidisset,
777 831 841 870 eum
866 812 1041 888 praesertim
1063 811 1180 886 legatus
1203 811 1245 868 ita
1263 810 1341 868 nude
1357 810 1458 869 dietus
1474 829 1536 868 non

192 914 351 973 conveniat
373 913 431 973 nisi
454 913 565 971 liberae
589 913 631 972 rei
653 914 789 990 publicae
806 914 990 989 temporibus
1003 909 1043 990 2).
1081 911 1226 971 Fortasse
1242 913 1332 971 etiam
1350 909 1387 986 Q.
1406 912 1536 990 Pompei

193 1015 262 1074 Rufi
284 1034 346 1074 cos.
370 1035 394 1074 a.
413 1015 472 1074 666
496 1034 591 1091 eoque
615 1035 693 1073 anno
716 1017 795 1075 caesi
821 1024 949 1075 statuam
972 1016 1050 1074 idem
1074 1015 1205 1091 Agasias
1227 1015 1358 1091 sculpsit
1379 1014 1431 1090 (cl.
1456 1014 1537 1073 inira

193 1138 221 1177 ιι.
240 1116 343 1193 1424).
383 1116 514 1191 Quinam
538 1127 635 1177 autem
658 1118 747 1176 inerit
768 1120 818 1194 qui
841 1119 897 1176 hoc
920 1117 1007 1175 titulo
1030 1117 1194 1176 honoratur
1215 1125 1246 1176 et
1266 1117 1293 1175 is
1309 1116 1380 1193 quid
1396 1117 1535 1175 beneficii

192 1221 223 1279 in
238 1221 361 1278 Italicos
385 1219 553 1293 contulerit,
576 1220 663 1279 nobis
686 1231 746 1279 tum
770 1220 871 1278 datum
895 1220 951 1278 erit
973 1219 1060 1291 scire,
1082 1238 1148 1277 cum
1172 1219 1249 1278 forte
1270 1219 1394 1277 fortuna
1416 1219 1536 1295 reliqua

191 1322 269 1381 tituli
292 1341 363 1398 pars
386 1322 541 1398 prodierit.
580 1320 688 1381 Statua
708 1324 779 1380 haee
799 1321 954 1379 bellatoris
970 1320 1174 1380 occumbentis
1191 1338 1372 1397 quamquam
1389 1320 1474 1379 nuda
1489 1328 1536 1378 est

192 1443 287 1501 neque
310 1425 352 1482 ita
374 1434 556 1501 comparata,
580 1433 612 1482 ut
634 1425 847 1482 honoratorum
864 1425 994 1482 virorum
1011 1423 1156 1498 imagines
1172 1423 1274 1501 effingi
1291 1423 1401 1494 solent,
1425 1422 1534 1482 nihilo-

192 1527 290 1586 minus
313 1527 416 1585 ducem
441 1526 571 1602 aliquem
595 1527 701 1584 aetatis
725 1526 806 1585 illius
829 1533 1033 1603 repraesentet
1055 1543 1177 1584 necesse
1205 1532 1252 1584 est
1280 1525 1454 1602 (comparat
1470 1524 1533 1584 Ro·

191 1630 295 1688 bertus
319 1638 418 1687 noster
440 1637 570 1687 statuam
594 1629 721 1687 similem
744 1629 814 1687 item
840 1629 909 1686 Deli
932 1636 1081 1703 repertam
1104 1625 1139 1686 C.
1156 1626 1261 1687 Ofellii
1278 1627 1318 1686 Μ.
1339 1628 1360 1684 s.
1376 1626 1451 1687 Feri
1473 1618 1549 1685 edi?

191 1739 251 1788 tam
275 1731 344 1788 butt.
366 1732 399 1788 de
421 1749 494 1789 corr.
511 1730 611 1789 netas
635 1752 663 1808 p.
681 1730 756 1806 391)
779 1747 905 1806 eumque
927 1731 1021 1788 civem
1038 1729 1221 1801 Romanum3
1245 1748 1313 1788 nam
1338 1727 1459 1791 Graeco
1481 1730 1533 1788 ho·

191 1833 263 1890 mini
286 1833 378 1909 legati
402 1832 589 1904 vocabulum,
613 1835 701 1891 modo
723 1833 753 1891 id
776 1840 854 1891 recte
870 1833 1039 1891 restitutum
1056 1831 1104 1902 sit,
1127 1850 1232 1908 parum
1249 1832 1400 1891 convenit.
1437 1831 1533 1891 Beue·

193 1935 291 1993 ficium
315 1953 374 2011 quo
397 1935 448 2010 qui
471 1935 635 1993 honoratur
658 1934 780 1994 Italicos
804 1934 919 2005 affecit,
945 1934 1132 1993 coniunctum
1154 1934 1285 1993 fortasse
1307 1953 1374 1993 oum
1399 1934 1465 1993 eius
1492 1934 1534 1992 in-

194 2037 367 2095 terlectione
389 2035 419 2093 in
442 2037 558 2112 proelio
579 2037 690 2112 aliquo,
715 2036 877 2095 verisimile
892 2047 939 2095 est
954 2044 1089 2113 spectare
1105 2036 1206 2095 adres
1221 2045 1322 2113 gestas
1337 2036 1368 2095 in
1381 2037 1533 2114 Aegypto.

192 2137 259 2197 Hoc
282 2138 358 2197 enim
381 2140 560 2198 effossiones
577 2138 721 2198 Deliaoae
744 2140 986 2197 demonstrarunt
1008 2139 1135 2213 septimo
1157 2138 1241 2196 urbis
1262 2138 1386 2198 saeculo
1402 2138 1533 2198 insulam

192 2250 345 2316 tamquam
368 2260 523 2300 commune
547 2251 636 2318 eaput
658 2242 752 2300 fuisse
767 2242 940 2300 Italicorum
962 2241 993 2298 in
1010 2239 1133 2299 Oriente
1156 2242 1338 2300 versantium
1354 2249 1386 2300 et
1401 2241 1428 2301 si
1445 2260 1532 2319 quem

193 2343 214 2402 ii
230 2343 378 2403 honorare
393 2343 514 2416 vellent,
527 2362 616 2419 saepo
632 2352 760 2403 statuam
776 2343 962 2402 dedicavisse
978 2341 1058 2420 apud
1069 2341 1238 2417 Apollinem
1247 2342 1381 2403 Delium.
1412 2343 1533 2402 Addam

193 2445 309 2504 titulum
327 2446 483 2505 Deliacum
506 2454 535 2503 et
556 2466 588 2503 re
611 2453 640 2505 et
662 2456 795 2523 tempore
817 2446 855 2503 ab
879 2446 935 2504 hoo
958 2452 1061 2504 nostro
1083 2463 1143 2503 uon
1160 2445 1371 2506 abhorrentem
1386 2446 1459 2505 item
1475 2446 1534 2504 edi·

194 2556 257 2606 tum
280 2548 316 2605 ab
338 2547 491 2607 Homollio
510 2548 636 2605 Betlletr'n
659 2549 676 2606 8
700 2568 728 2623 p.
745 2549 816 2606 107:
842 2542 986 2613 Ῥωμαίων
1008 2546 1031 2605 οἱ
1052 2537 1289 2629 εὗεργετηὲἕντες
1309 2538 1465 2629 ναύκληροι
1487 2537 1532 2605 καὶ

194 2643 306 2733 ἔμποροι
328 2647 355 2706 a’u
377 2651 413 2727 τῇ
433 2641 565 2726 «γενομένῃ
587 2639 758 2721 καταλήψει
776 2642 999 2731 Ἀλεξανδρείας
1021 2649 1062 2724 (a.
1083 2659 1115 2708 ut
1137 2649 1254 2707 videtur
1275 2668 1304 2725 p.
1321 2647 1394 2708 Chr.
1413 2648 1485 2722 126,
1506 2671 1531 2708 u.

194 2770 219 2810 c.
234 2749 307 2827 (328)
331 2746 385 2809 rinei
410 2741 556 2815 βασιλέως
577 2741 752 2815 llroisuoiov
774 2747 851 2808 θεοῦ
872 2741 1028 2833 Εὗεργέτου
1051 2741 1152 2828 Λὸχον
1175 2743 1359 2820 Καὶλιμῆδου
1384 2751 1441 2826 (cf.
1462 2749 1530 2811 G.I.

195 2851 248 2913 Gr.
262 2854 360 2930 4896)
382 2849 429 2911 riu
451 2854 584 2930 συγγενῆ
604 2843 752 2918 βασιλέως
766 2843 942 2920 Πτοὶιμαῖου
964 2843 1012 2910 urei
1026 2844 1208 2922 βασιλίσσης
1220 2843 1413 2936 Κλεοπάτρας
1431 2850 1532 2937 cipedo

194 2943 285 3013 ἕνεκεν
306 2948 355 3013 καὶ
378 2948 542 3040 tippulae
563 2956 613 3025 τῆς
635 2954 674 3015 aie
694 2949 813 3018 {auroris
835 2945 1003 3014 ’Aritium

195 3129 398 3139 *—

254 3259 278 3322 ²)
300 3261 340 3312 Cf.
359 3263 437 3312 roll
456 3277 481 3311 u.
497 3262 560 3312 562.
575 3262 636 3311 605.
676 3261 813 3312 Decretum
833 3276 934 3326 quoqne
952 3261 1132 3325 Gythiensium
1151 3261 1246 3311 lactum
1265 3261 1292 3311 iu
1312 3261 1441 3311 honorem
1455 3261 1490 3312 N.
1508 3267 1531 3310 et

195 3351 233 3403 M.
254 3353 414 3403 Cloatiorum
433 3354 470 3403 M.
489 3353 507 3402 i.
529 3353 623 3415 (Lebas
642 3354 940 3404 scioccamente:
960 3353 1144 3418 Ditteuberger
1163 3354 1220 3418 spii.
1239 3369 1265 3403 ιι.
1280 3353 1344 3414 255)
1365 3368 1433 3418 quus
1451 3352 1531 3404 uomi-

195 3452 240 3494 uat
259 3433 335 3493 Peirai
354 3433 453 3492 lorillrov
471 3433 626 3512 κρισβευτιῖν
644 3443 685 3494 καὶ
701 3434 819 3493 ΙΙὸκλιον
833 3435 969 3510 Ariminen
987 3433 1144 3512 πρισβιιπιῖν
1162 3433 1347 3505 ιω1ΦοιιἋβιον
1364 3432 1529 3513 aprehende,

196 3544 221 3586 et
246 3537 296 3601 ipsi
320 3537 433 3586 eiusdem
458 3539 549 3587 aetatis
573 3547 639 3587 srrnt.
689 3539 833 3587 Antonium
859 3539 901 3602 qui
926 3537 962 3586 ibi
987 3539 1135 3588 nominatur
1163 3533 1198 3599 (iv
1220 3533 1254 3602 aii
1284 3534 1323 3586 tet
1346 3533 1530 3606 'Papupuaiauc

196 3623 307 3691 ὒνιιυτᾷ,
335 3614 376 3677 ἔτι
395 3619 524 3687 'Antinoe
547 3627 703 3697 καριγίνιτο)
732 3639 799 3679 recte
814 3630 1032 3694 Waddingtouius
1060 3630 1140 3695 (apud
1158 3630 1315 3680 Foueartum
1339 3630 1357 3680 1.
1372 3630 1406 3691 e.)
1430 3630 1530 3695 nagurit

195 3722 356 3772 triumvirum
375 3722 501 3787 intellegi3
526 3724 570 3773 sed
591 3738 666 3787 quem
686 3723 820 3786 proposuit
840 3721 869 3771 C.
891 3723 1033 3771 Antonium
1054 3721 1187 3772 Ciceronis
1206 3724 1232 3773 in
1251 3723 1388 3773 consulatu
1406 3723 1528 3787 collegam

195 3824 330 3881 propterea
349 3816 418 3879 qnod
438 3817 459 3865 is
479 3817 622 3879 imperante
642 3815 716 3866 Sulla
735 3829 758 3863 a
770 3816 821 3864 671
844 3816 870 3864 in
891 3815 991 3864 Achaia
1011 3814 1126 3865 Graecos
1145 3815 1261 3877 vexarit,
1286 3831 1344 3865 cum
1364 3829 1397 3865 eo
1416 3822 1529 3880 tempore

195 3908 312 3958 tribunus
332 3908 441 3957 militum
462 3908 570 3957 sortasse
588 3916 668 3968 esset,
692 3922 744 3956 nou
765 3908 847 3970 magis
865 3909 901 3956 sic
919 3907 1049 3956 nominari
1068 3908 1160 3970 potuit.
1197 3908 1281 3957 Immo
1300 3906 1463 3971 intellegitur
1480 3906 1528 3956 dux

195 4001 288 4050 missus
308 4008 398 4050 eontra
416 4000 512 4063 piratas
531 4007 574 4049 aut
594 4008 667 4064 pater
680 3999 717 4048 hl.
731 3999 862 4049 Antonius
881 4007 969 4048 orator
985 4007 1090 4063 praetor
1107 4014 1154 4062 pro
1174 3999 1279 4049 consule
1297 4014 1321 4048 a.
1333 3999 1386 4048 651
1406 4008 1454 4049 aut
1465 3999 1528 4048 auus

196 4092 233 4143 hi.
248 4092 379 4142 Antonius
399 4091 514 4142 Creticus
533 4107 556 4141 a
571 4091 633 4153 680,
653 4091 738 4155 potins
758 4098 842 4141 autem
862 4099 934 4155 puter
952 4098 1056 4155 propter
1074 4091 1284 4157 orthographiam
1302 4092 1485 4156 antiquiorem.
