3450 5828
98 474 218 524 rerem
350 474 521 526 corcrvnr
546 475 785 527 nrocnurrrur
810 477 860 526 nn
886 476 1028 528 rnn'rns
1054 476 1191 528 aarum
1387 458 1433 527 87

222 847 449 926 EDICTVM
475 848 796 926 DIOCLETIANI
823 849 891 925 DE
918 849 1109 925 PRETIIS
1136 849 1307 926 RERVM

478 1007 521 1083 (p.
539 1006 609 1067 sor.
629 1008 717 1068 1055.
755 1008 833 1085 upa.
849 1007 893 1067 1v
916 1009 1045 1085 p.180).

257 1179 558 1242 FRAGMENTVM
581 1180 862 1241 LEBADIACVM
885 1180 1094 1256 QVARTVM
1117 1183 1159 1259 (p.
1178 1181 1264 1258 812).

88 1316 162 1376 242
183 1318 320 1394 Paginse
342 1308 452 1394 prioris
476 1339 504 1377 v.
518 1317 619 1378 9-12
643 1320 768 1377 redeunt
790 1319 818 1374 in
841 1319 943 1378 tabula
960 1317 1170 1378 Geronthraea
1192 1321 1296 1396 quinta
1313 1339 1341 1377 n.
1355 1317 1427 1389 246,

132 1419 183 1477 ubi
200 1420 271 1478 vide
292 1419 445 1479 adnotata.
485 1423 511 1491 l,
528 1420 566 1479 2'2
591 1424 712 1500 supplet
727 1421 907 1483 Schmidtius
923 1421 1018 1478 Mittit.
1035 1424 1084 1479 dea
1101 1422 1193 1479 athen.
1210 1422 1282 1478 Inst.
1300 1421 1317 1476 7
1341 1441 1369 1477 n.
1388 1420 1426 1478 29

132 1512 286 1596 [φ]α’κιλοι
309 1513 434 1599 triuerat]
459 1523 521 1580 sire
544 1516 661 1602 trivan}
705 1525 788 1582 Idem
811 1525 953 1582 observat
974 1523 1113 1598 peginam
1137 1522 1330 1597 posteriorem
1347 1522 1425 1598 freg-

129 1624 223 1681 menti
244 1621 406 1681 Lebadisci
427 1625 524 1699 quarti
550 1635 579 1682 et
605 1628 722 1684 tertiam
752 1625 908 1702 fragmenti
932 1622 1132 1682 Geronthraei
1158 1624 1254 1699 quinti
1282 1623 1319 1680 ad
1346 1622 1423 1680 idem

128 1735 221 1800 caput
242 1724 422 1801 pertinuisse
444 1743 602 1784 recensens
624 1728 846 1786 medicamenta.

1297 1865 1422 1874 -.—

315 1943 504 2002 exentera
529 1945 721 2005 rnsnanr
753 1946 816 2005 nn.
840 1947 871 2003 11
898 1946 989 2020 (spa.
1005 1945 1050 2003 1v
1074 1964 1103 2021 p.
1122 1944 1203 2020 reo).

85 2061 158 2121 243
181 2063 369 2141 Recognorit
390 2064 453 2121 ioh.
471 2063 607 2125 Schmidt
628 2076 657 2125 et
679 2075 817 2142 ectypum
841 2067 978 2142 sumpsit,
1001 2084 1060 2141 quo
1083 2084 1148 2122 mea
1169 2064 1257 2122 lectio
1282 2064 1422 2121 universe

128 2165 331 2224 confirmatur.
365 2165 458 2225 Addit
473 2164 610 2227 Schmidt
624 2169 685 2239 1,4
708 2170 788 2226 cerni
802 2169 854 2240 Μ,
879 2169 971 2226 rideri
994 2167 1088 2225 fuisse
1110 2181 1155 2237 ts;
1178 2167 1248 2224 item
1264 2165 1294 2222 in
1311 2165 1421 2241 pagine

128 2266 225 2324 alters
244 2266 327 2324 addit
348 2275 417 2325 ante
438 2269 566 2344 primum
589 2287 709 2328 versum
724 2270 1142 2346 menmce1·ni*-rxsupra0
1159 2285 1263 2326 versus
1278 2267 1419 2344 proximi.

131 2400 171 2413 -
197 2368 216 2424 t
238 2368 290 2425 fin.
312 2355 411 2450 s1}-
438 2371 472 2429 ll
504 2386 641 2453 [ὴμ-

577 2493 589 2497 --
600 2494 669 2501 --..-.
679 2496 758 2501 .-.-.-...
780 2492 942 2502 ,,,----.---
1218 2491 1224 2495 -
1246 2489 1418 2496 .-.--.-,-..

87 2508 183 2514 ——-—
193 2508 199 2513 .
209 2508 237 2514 -
250 2508 335 2515 ———
354 2510 682 2521 ——.——-—---—
689 2515 708 2521 ...
716 2514 862 2521 ...η-ῃ
875 2511 1120 2519 .--..————-.-.--

484 2579 719 2640 EXEMPLVM
746 2579 1021 2642 THESPIENSE.

84 2697 155 2758 244
178 2698 324 2777 Thespiis
347 2698 590 2776 (Eremokastro)
612 2720 676 2777 rep.
698 2701 776 2760 inter
799 2701 907 2761 rudera
927 2701 1029 2779 oppidi
1053 2700 1176 2776 antiqui.

568 2826 705 2892 stam
812 2866 832 2879 ..

578 2930 761 2983 cmrnnc
796 2913 962 3006 Δευτέρας

580 3035 768 3086 omniane
803 3020 913 3094 τΡίτης

546 3117 946 3312 anius

604 3244 613 3269 1
753 3243 765 3272 h

84 3349 254 3425 Descripsit
280 3348 346 3406 ioh.
369 3345 504 3408 Schmidt
535 3362 565 3408 et
596 3356 735 3424 ectypum
761 3349 840 3407 iecit.
893 3349 948 3409 Ed.
978 3348 1175 3408 Kumanudes
1206 3344 1360 3416 Ἀθηναῖον
1394 3348 1410 3403 t

82 3451 191 3527 (ists)
214 3469 243 3526 p.
262 3449 333 3509 289.

124 3555 137 3610 l
163 3571 225 3610 non
248 3551 367 3609 ridetur
388 3552 479 3610 fuisse
501 3551 579 3627 quod
603 3559 795 3629 expectamus
818 3543 935 3633 ‹tm-'pase
956 3544 1071 3635 πρώτης.

122 3654 257 3712 Pertinet
278 3654 317 3712 ad
338 3654 434 3712 locum
456 3653 603 3729 quendam
625 3672 650 3710 c.
669 3651 716 3725 18,
739 3661 812 3729 pute
833 3674 861 3712 r.
879 3652 906 3712 2.
925 3654 952 3712 3.
969 3655 998 3712 4.

328 3887 626 3948 FRAGMENTVM
657 3887 937 3949 LEBADIACVM
965 3890 1171 3965 QvtNTvtt.

83 4008 151 4068 245
183 4008 332 4066 Livodiae
357 4009 507 4066 Iohannes
535 4005 672 4066 Schmidt
703 4009 878 4086 fragmentis
910 4021 1050 4085 quattuor
1077 4020 1166 4068 antea
1198 4011 1276 4069 notis
1303 4011 1413 4069 frustra

121 4110 267 4188 quaesitis
289 4110 420 4186 repperit
440 4110 575 4186 quintum
599 4110 697 4169 adhuc
719 4112 852 4188 ignotum
875 4112 1053 4170 collocatum
1078 4113 1109 4169 in
1134 4111 1246 4188 pariete
1272 4112 1413 4171 ecclesiae

121 4211 278 4288 Pausgiee
300 4210 430 4270 Eleusae
452 4211 603 4287 ediditque
625 4212 662 4270 ad
686 4212 854 4288 exemplum
882 4223 911 4271 et
938 4222 1074 4289 ectypum
1098 4212 1230 4271 theraeo.
1258 4216 1307 4271 dee
1332 4216 1411 4273 arel.

122 4316 255 4373 Institnts
276 4317 306 4370 in
327 4314 420 4372 Athen
442 4315 461 4373 5
483 4312 594 4388 (1880)
616 4334 645 4391 p.
660 4314 699 4370 70
721 4313 821 4372 addita
843 4313 954 4371 tabule.
997 4314 1131 4390 Paginae
1153 4325 1315 4389 supersunt
1336 4317 1412 4374 duae

121 4415 208 4474 iuxta
234 4415 363 4493 positae,
393 4434 516 4492 quarum
545 4415 628 4489 prior
657 4416 789 4473 continet
817 4413 934 4474 Graeca
960 4415 1172 4493 respondentia
1193 4414 1310 4474 Latinis
1340 4437 1365 4474 c.
1385 4420 1411 4488 l,

122 4518 161 4576 33
177 4550 219 4558 -
234 4536 259 4575 c.
278 4517 306 4587 4,
323 4517 351 4589 t,
374 4519 521 4592 posterior
547 4516 757 4594 respondentia
780 4515 898 4596 Latinis
920 4536 945 4574 c.
963 4517 990 4588 7,
1013 4516 1127 4576 1—25.
1171 4518 1239 4575 Hoc
1264 4519 1412 4594 fragmen·

122 4628 183 4676 tum
207 4617 389 4693 pertinuisse
410 4619 447 4676 sd
470 4618 637 4694 exemplum
657 4618 806 4677 diversum
823 4619 860 4676 ab
876 4638 921 4688 eo,
946 4617 1023 4676 unde
1037 4626 1177 4694 quattuor
1193 4619 1253 4677 alia
1267 4610 1411 4678 Livcdiue

120 4728 241 4796 repertu
262 4728 435 4795 supersunt,
457 4720 527 4778 inde
549 4720 737 4796 potissimum
762 4719 942 4780 Schmidtius
965 4719 1077 4792 effecit,
1099 4721 1179 4797 quod
1201 4740 1226 4778 c.
1244 4720 1271 4793 t,
1292 4721 1409 4780 18-‘23

120 4820 150 4878 in
173 4831 301 4897 atroque
323 4821 485 4898 exemplari
503 4820 545 4879 itu
560 4821 680 4893 adsunt,
704 4833 735 4880 ot
749 4821 830 4879 nullo
847 4820 934 4878 modo
950 4820 1027 4880 inter
1042 4842 1074 4881 se
1090 4830 1236 4900 aptentur.
1274 4822 1411 4900 Diligen-

120 4923 270 4981 tissimam
292 4921 453 4980 editionem
474 4942 540 4980 cum
563 4924 650 4982 facile
672 4924 723 5000 qui
748 4923 827 4980 uolet
849 4924 926 4982 inter
942 4942 975 4981 se
990 4933 1150 5002 comparet,
1174 4925 1310 4982 hocloco
1327 4925 1411 4982 suiti-

120 5043 187 5083 cere
210 5024 308 5082 risum
330 5035 377 5105 eat
397 5023 555 5083 lectionem
571 5022 727 5083 Schmidtii
749 5045 814 5082 cum
832 5025 1046 5102 supplementis
1062 5028 1124 5086 eius
1138 5035 1272 5102 repetere
1287 5026 1412 5085 adiectis

120 5124 365 5187 adnotationibus
386 5125 565 5203 quibusdam
586 5125 624 5186 sb
645 5126 714 5205 ipso
736 5125 798 5184 iere
820 5126 998 5204 adsumptis.
