3450 5828
190 425 263 497 640
765 444 948 496 nonarsnu

1384 548 1532 558 ...ι--ο-

191 620 271 676 tulae
293 621 389 678 trihus
418 621 464 677 his
495 620 584 678 officii
612 619 788 696 primatibus
801 619 828 694 l)
863 619 958 696 magis
985 619 1144 677 solvuntur
1169 628 1291 697 propter
1316 620 1419 678 locum
1448 639 1537 697 quem

195 731 296 779 tenent
318 741 406 798 quarn
430 731 553 798 propter
575 741 696 797 operum
719 739 807 797 quam
830 720 1013 798 impendunt.
1036 755 1077 764 —
1103 721 1153 779 Ad
1176 722 1232 780 bos
1254 722 1369 780 accedit
1393 731 1539 781 executor

192 824 257 898 ipse
281 823 321 898 (v.
338 824 376 882 48
394 824 480 900 seq).
504 857 544 867 -
569 822 728 898 Sportulae
750 831 848 881 autem
873 823 915 880 sie
938 822 1120 896 dividuntur,
1143 832 1176 881 ut
1196 843 1250 900 pro
1274 824 1405 900 simplici
1427 826 1534 884 itinere

192 926 272 983 factu
295 926 373 982 intra
402 927 567 997 civitatem,
597 927 625 983 in
655 945 713 1001 qua
738 925 878 984 iudicium
906 925 1053 994 redditur,
1082 925 1207 1001 principi
1237 926 1374 984 solvatur
1401 927 1532 1002 pretium

192 1027 359 1085 mediorum
389 1028 478 1085 tritici
508 1029 653 1104 quinque,
687 1028 883 1086 corniculario
913 1028 1038 1103 pretium
1072 1028 1239 1086 modiorum
1271 1030 1397 1087 duorum
1430 1031 1533 1100 semis,

192 1131 449 1188 commentariensi
479 1131 668 1202 tantundem,
697 1131 847 1188 executori
876 1129 1041 1187 modiorum
1069 1129 1205 1188 duorum.
1256 1136 1417 1208 Augentur
1448 1149 1534 1209 spor-

192 1231 270 1289 tulae
297 1232 410 1307 pariter
436 1242 525 1307 atque
547 1233 663 1291 itineris
693 1233 791 1309 spatia
819 1242 970 1301 crescunt,
999 1239 1031 1289 ut
1057 1250 1111 1307 per
1139 1233 1215 1291 dena
1241 1233 1324 1290 milia
1350 1233 1414 1291 bini
1443 1234 1534 1292 modii

193 1334 335 1411 principi,
368 1335 478 1410 singuli
512 1336 708 1393 corniculario
741 1343 770 1392 et
798 1334 1059 1392 commentariensi
1094 1334 1277 1402 adimantum
1315 1334 1448 1411 denique
1482 1355 1532 1411 pro

193 1436 299 1492 itinere
323 1445 404 1494 trans
428 1456 508 1494 mare
532 1448 672 1512 suscepte
695 1438 835 1513 princeps
858 1444 973 1493 centum
997 1436 1112 1494 modios
1134 1437 1273 1513 accipiat,
1302 1436 1361 1494 due
1388 1438 1532 1514 primates

194 1548 354 1612 sequentes
377 1538 541 1596 dimidium.
590 1539 753 1596 Executori
776 1557 895 1614 quoque
922 1537 1018 1599 simile
1045 1547 1235 1616 augmentum
1263 1539 1441 1597 attributum
1468 1558 1533 1599 esse

195 1648 282 1696 aucto
305 1640 408 1698 labore
430 1641 592 1698 verisimile
615 1648 674 1711 est,
704 1641 757 1698 sed
779 1641 811 1697 id
833 1647 922 1716 caput
944 1649 994 1697 aut
1021 1639 1212 1717 neglegenter
1238 1641 1382 1698 omissum
1411 1649 1462 1699 est
1485 1658 1536 1704 aut

197 1740 351 1816 legebatur
383 1741 413 1799 in
446 1742 546 1819 lapide
579 1743 639 1800 alio
673 1743 761 1800 hodie
795 1742 957 1818 deperdito,
1000 1775 1037 1784 -
1082 1742 1165 1801 Haec
1199 1743 1362 1801 utilissima
1394 1753 1468 1801 sunt
1499 1743 1534 1801 ad

197 1843 397 1917 sportularum
420 1843 481 1900 litis
504 1843 670 1918 primordia
691 1844 914 1920 cognoscenda3
943 1843 1039 1901 adhuc
1065 1861 1141 1918 quae
1167 1844 1203 1900 de
1229 1863 1264 1901 ea
1290 1863 1321 1901 re
1350 1844 1533 1905 habebamus

197 1945 418 2002 commodorum
441 1945 560 2020 quidem
585 1946 713 2003 maxime
735 1946 878 2022 principis
902 1946 1080 2003 mentionem
1102 1944 1265 2020 iniciuntl)
1289 1957 1320 2004 et
1339 1946 1398 2005 hou
1413 1965 1534 2023 quoque

196 2054 364 2104 monstrant
385 2048 535 2122 sportulas
558 2047 634 2104 inter
657 2047 774 2105 diversa
801 2047 973 2105 officialium
1002 2066 1112 2125 genera
1137 2047 1297 2105 distributa
1325 2048 1456 2124 essai),
1484 2048 1533 2107 sed

198 2157 337 2207 accurata
359 2158 387 2205 et
410 2149 498 2224 plena
519 2149 561 2206 rei
578 2149 685 2206 notitia
701 2149 944 2221 destituebamur,
968 2149 1107 2224 quoniam
1123 2149 1252 2224 quaeda
1268 2151 1415 2226 sportulis
1432 2162 1536 2228 postea

198 2251 277 2308 latae
300 2259 368 2308 sunt
389 2252 472 2328 leges
494 2251 625 2326 potiores
648 2253 807 2326 perierunt.
853 2249 941 2323 Quod
963 2260 1068 2328 postea
1090 2250 1229 2322 obtinuit,
1254 2259 1285 2308 ut
1307 2251 1345 2308 ad
1370 2252 1435 2311 litis
1458 2271 1534 2310 sum·

198 2373 275 2411 mam
300 2354 451 2428 sportulae
473 2362 651 2423 crescerent,
675 2354 804 2428 extempli
828 2372 918 2411 causa
941 2353 1032 2410 atad
1056 2362 1173 2411 centum
1198 2353 1312 2412 solidos
1336 2372 1435 2430 usque
1456 2354 1535 2412 dimi·

198 2456 279 2513 dium
303 2456 431 2513 solidum
456 2466 597 2513 executor
619 2456 781 2531 acciperet,
810 2464 933 2531 propter
955 2455 1095 2513 maiorem
1120 2473 1265 2512 summam
1293 2456 1451 2532 sportulas
1479 2475 1536 2514 ma-

199 2559 327 2633 iorea⁴),
349 2558 456 2616 Iuliani
481 2567 614 2633 tempore
637 2568 763 2634 apparet
783 2557 914 2615 nondum
937 2564 1086 2631 receptum
1109 2557 1212 2614 fuisse.

243 2658 439 2720 Scholasticis
469 2661 532 2717 sive
559 2659 713 2717 advocatis
744 2668 774 2716 ct
802 2658 1025 2734 exceptoribus,
1052 2659 1124 2716 item
1152 2677 1207 2733 pro
1235 2659 1338 2717 charta
1369 2678 1449 2735 quae
1480 2661 1536 2719 sol·

201 2763 296 2820 venda
320 2770 403 2834 sunt,
431 2763 561 2838 pendent
583 2782 602 2818 a
628 2779 735 2836 genere
765 2761 905 2831 actionis;
940 2760 1161 2836 distinguuntur
1187 2760 1266 2818 enim
1295 2761 1352 2818 tria
1378 2764 1536 2837 postulatio

200 2865 319 2939 siniplaa
346 2863 387 2938 (r.
405 2863 443 2922 26
472 2871 501 2920 et
527 2863 658 2922 fortasse
685 2884 710 2920 v.
729 2862 781 2939 42)
810 2864 874 2921 sive
897 2862 1052 2938 postulatio
1080 2863 1159 2920 nude
1188 2864 1230 2937 (v.
1248 2862 1314 2938 34);
1352 2866 1537 2923 contradictio

202 2964 243 3039 (v.
260 2964 308 3023 29.
326 2966 374 3023 37.
392 2964 458 3041 43),
493 2965 608 3023 accedit
630 2966 660 3023 in
683 2964 861 3023 scholastico
888 2962 1007 3039 (eausa)
1034 2968 1062 3022 ia
1091 2968 1223 3039 urguenti
1249 2983 1323 3040 quus
1340 2966 1477 3040 finienda
1502 2969 1536 3024 sit

201 3067 243 3142 (v.
257 3067 321 3141 31),
344 3068 375 3126 in
397 3075 556 3144 exceptore
578 3077 609 3125 et
630 3068 779 3125 chartario
802 3067 921 3124 nomine
944 3084 1033 3123 causa
1049 3067 1165 3141 definita
1186 3065 1226 3141 (v.
1240 3068 1294 3142 31)
1318 3068 1384 3125 sive
1398 3069 1537 3143 definitam

201 3173 342 3245 capotium
365 3169 407 3243 (v.
426 3169 488 3244 44).

243 3271 482 3329 Postulationem
506 3272 712 3347 simplicemi)
745 3270 823 3346 quod
852 3271 894 3327 ita
920 3269 1055 3328 videmus
1086 3270 1148 3328 fieri
1178 3271 1256 3346 apud
1285 3282 1353 3328 acta
1389 3270 1435 3346 (id
1462 3273 1535 3330 enirn

262 3466 286 3530 ¹)
307 3468 431 3519 Similiter
449 3469 587 3517 seeundum
607 3468 688 3530 legem
708 3482 732 3514 a.
747 3468 800 3515 409
821 3467 975 3528 0.Th.1e,
997 3467 1021 3525 5,
1040 3467 1075 3516 46
1098 3467 1210 3517 officium
1231 3466 1323 3516 iudicis
1352 3467 1391 3528 (id
1411 3475 1451 3518 est
1469 3482 1537 3533 prae·

203 3558 276 3620 sidis)
296 3560 414 3623 plectitur
433 3561 523 3623 viginti
542 3559 614 3608 libris
633 3560 687 3607 urrri
704 3558 804 3624 punitis
824 3556 904 3606 trihus
917 3555 1079 3624 primatibus.
1116 3557 1157 3607 Cf.
1178 3556 1243 3607 Cod.
1257 3560 1320 3608 lust.
1338 3562 1363 3620 1,
1385 3559 1430 3621 51,
1446 3562 1470 3610 8.
1498 3561 1534 3622 12,

205 3653 248 3713 19,
263 3653 287 3700 2.
311 3653 352 3711 12,
372 3652 415 3712 59,
438 3653 471 3699 10
485 3667 523 3714 pr.

262 3740 286 3805 ²)
307 3742 482 3793 Gotlrofredus
501 3743 534 3792 ad
554 3743 584 3793 C.
599 3744 648 3792 Th.
664 3743 689 3803 6,
710 3744 753 3802 28,
771 3743 794 3791 3.

262 3834 286 3896 ³)
306 3836 458 3885 Perturbata
477 3843 535 3884 sunt
549 3836 688 3899 etreliqua
702 3835 790 3883 omnia
803 3836 857 3884 eius
871 3835 948 3884 etiam
964 3850 1028 3898 quae
1042 3836 1074 3883 de
1087 3835 1209 3899 sportulis
1223 3835 1300 3883 tradit
1313 3835 1447 3885 lohannes
1457 3836 1537 3900 Lydus

203 3929 235 3977 do
255 3943 322 3992 mag.
344 3928 372 3989 3,
393 3929 436 3977 24.
482 3928 628 3978 Secundum
648 3942 705 3974 eum
726 3928 837 3990 pertinet
859 3928 893 3976 ad
913 3928 1053 3991 principem
1076 3917 1155 3987 ἡτῶν
1175 3923 1313 3994 μονομερῶν
1333 3923 1456 3997 Ιντυχιῶν
1475 3926 1538 3975 rica·

203 4008 278 4086 yuya',
300 4021 391 4085 quihus
411 4035 443 4068 ex
463 4020 583 4083 sportulis
603 4019 770 4068 corniculario
791 4020 897 4082 singulis
917 4019 1046 4068 mensibus
1066 4019 1179 4083 singulas
1200 4020 1254 4068 auri
1273 4020 1352 4068 libras
1372 4020 1464 4082 solvit,
1483 4021 1537 4068 item

204 4114 309 4177 reliquis
329 4112 482 4161 officialibus
502 4110 593 4174 quibus
613 4112 639 4159 in
660 4125 702 4159 eas
723 4112 760 4159 ius
780 4118 818 4160 est
841 4118 926 4175 partes
950 4125 1008 4159 suas
1033 4111 1121 4160 tribuit
1146 4107 1218 4170 (πᾶσι
1237 4114 1290 4166 τοῖς
1316 4109 1341 4158 ἐκ
1365 4100 1461 4176 suigaut
1483 4096 1539 4159 sard

205 4194 339 4268 συνήθειαν
358 4192 518 4270 λαμβάνουσι
538 4191 626 4269 μοῖρνῖν
644 4219 698 4251 τινα
717 4201 761 4250 τῶν
781 4191 861 4267 πᾶρων
881 4237 905 4251 ..
928 4189 1025 4249 didicat
1043 4190 1075 4250 rai
1096 4191 1224 4265 sluSa'sa).
1264 4202 1440 4253 cornicularii
1460 4211 1539 4254 autem

205 4305 243 4347 est
263 4284 324 4363 μετνῖ
342 4283 384 4356 aab
405 4293 429 4343 ἐκ
447 4291 491 4343 τοῦ
510 4293 615 4360 βαθμοῦ
635 4291 676 4341 καὶ
693 4291 739 4343 τῶν
759 4284 845 4343 ἄλλων
864 4290 953 4360 κερδῶν
966 4288 1101 4360 προνομίαν
1120 4284 1150 4342 τδ
1167 4291 1277 4362 πληροῦν
1290 4291 1326 4343 δι’
1345 4289 1440 4352 alarias
1453 4286 1539 4357 tiroan-

206 4377 329 4456 μειώσεως
348 4374 379 4436 rai
398 4374 562 4453 πραττὸμενα,
585 4386 652 4435 unde
671 4388 786 4451 redigere
806 4387 872 4436 solet
891 4386 961 4435 mille
980 4386 1059 4436 libras
1079 4388 1134 4436 suri
1153 4402 1260 4436 annuas.
1295 4389 1363 4436 Haec
1383 4390 1540 4438 narrationi

206 4481 392 4530 distributionis
412 4480 583 4544 sportularum
605 4480 670 4527 inter
689 4479 812 4528 ot'fieiales
833 4479 945 4543 aliquam
965 4480 1084 4529 notitiam
1104 4480 1257 4546 suppeditat,
1278 4480 1314 4528 ita
1327 4494 1342 4529 a
1356 4488 1448 4530 nostro
1462 4481 1540 4530 edicto

205 4589 258 4624 non
279 4580 393 4637 tempore
412 4572 506 4633 solum,
531 4571 576 4620 sed
596 4586 623 4619 re
643 4586 743 4635 quoque
767 4570 899 4630 abhorret;
925 4577 1022 4634 spectat
1041 4572 1108 4620 enim
1129 4572 1162 4621 ad
1187 4571 1301 4621 officium
1326 4573 1453 4636 praefecti
1475 4587 1541 4639 prae·

206 4666 274 4715 torio
294 4673 319 4713 et
338 4664 370 4712 ad
390 4663 526 4713 commoda
545 4678 597 4711 uon
616 4663 699 4712 litium
718 4664 782 4725 sola,
803 4663 847 4713 sed
867 4663 918 4711 alia
938 4678 1039 4727 qnoque
1059 4663 1168 4712 diversa.

265 4755 289 4818 ⁴)
310 4756 469 4820 Theophilus
489 4756 548 4803 inst.
563 4756 587 4815 4,
610 4753 634 4816 6,
656 4756 700 4803 24.

265 4848 288 4911 ⁵)
309 4847 451 4897 Postulotia
471 4846 575 4912 simplex
599 4847 690 4911 legitur
714 4847 790 4896 etiam
817 4847 845 4895 in
865 4847 1047 4897 constitutione
1070 4848 1159 4899 Severi
1185 4847 1261 4908 (Cod.
1276 4849 1338 4897 lost
1355 4849 1381 4910 3,
1397 4850 1423 4910 9,
1443 4851 1483 4912 l):
1509 4864 1546 4897 res

207 4944 234 4991 ia
253 4941 373 4991 iudicium
392 4939 500 4989 deducta
519 4955 567 4987 nors
586 4937 693 4998 uidetur,
721 4940 744 4987 si
763 4945 856 4987 tantum
872 4939 1013 5004 postralatio
1037 4939 1143 5006 simplex
1167 4938 1294 4989 cclehata
1318 4941 1352 4989 sit
1376 4940 1418 4990 uel
1443 4942 1547 4992 actionis

208 5035 302 5100 species
322 5040 379 5082 arata
399 5030 518 5081 indiciam
537 5047 579 5080 reo
600 5032 710 5097 capuita.
749 5031 813 5080 inter
833 5030 900 5080 litem
919 5033 980 5080 enim
1001 5039 1162 5082 contestatam
1185 5039 1209 5081 et
1232 5030 1324 5081 editam
1349 5034 1477 5083 actionem
1491 5050 1546 5101 per-

208 5125 306 5175 multum
332 5127 446 5176 interest:
477 5124 516 5174 lea
539 5124 601 5174 enim
627 5130 683 5174 tuac
710 5121 810 5173 uidetur
836 5131 987 5185 contestato,
1018 5141 1070 5175 cum
1093 5123 1168 5174 iudex
1185 5140 1236 5193 per
1259 5126 1433 5176 narrationem
1457 5125 1550 5193 capotii
