3450 5828
93 523 245 572 raa-ure
299 521 573 573 incrusurum
592 519 763 570 vunnu.
803 518 992 572 nuurrssa
1020 518 1295 570 urnrosuonvu.
1355 496 1425 568 649

411 1049 683 1133 MANTISSA
711 1048 1115 1132 AFRICANORVM.

137 1307 298 1367 Africanus
319 1308 511 1384 reliquiarum
534 1310 692 1369 vetustatis
714 1311 782 1368 fons
804 1317 948 1387 perpetuo
972 1310 1153 1368 scaturriens
1175 1328 1354 1386 quamquam
1376 1329 1430 1387 per

94 1425 206 1485 paucos
222 1428 349 1482 menses,
365 1412 416 1486 qui
432 1412 662 1471 intercesserunt
677 1412 754 1470 iuter
768 1413 1011 1470 commentarium
1027 1413 1293 1471 additamentorum
1309 1411 1431 1469 huiusce

94 1510 231 1569 fasciculi
255 1514 336 1588 typis
352 1514 523 1572 absolutum
546 1523 575 1570 et
590 1513 759 1572 absolutum
776 1515 874 1591 ipsum
893 1513 1077 1585 fasciculum,
1101 1514 1160 1572 alia
1174 1532 1292 1590 quoque
1308 1512 1430 1589 protulit

95 1631 174 1671 nora
195 1631 255 1672 nou
278 1615 457 1691 spernenda,
482 1636 570 1675 unum
594 1617 691 1675 solum
713 1617 901 1674 inventorum
924 1634 1019 1690 nuper
1034 1615 1171 1674 hocloco
1194 1625 1280 1673 extra
1294 1615 1429 1671 ordinem

93 1714 183 1773 inseri
207 1715 332 1790 placuit,
361 1737 426 1775 cum
455 1719 492 1776 ad
519 1719 723 1794 quaestionem
752 1734 845 1792 supra
874 1738 901 1794 p.
920 1716 980 1775 280
1006 1725 1163 1776 tractatam
1189 1736 1268 1774 nora
1297 1715 1431 1775 subsidia

95 1817 211 1874 afferat.
244 1819 397 1878 Accedunt
419 1820 564 1895 quaedum
586 1838 664 1896 quae
687 1837 753 1878 sero
768 1820 898 1878 vidimus
920 1821 950 1876 in
972 1819 1047 1895 ipsis
1070 1818 1281 1878 additamentis
1297 1818 1345 1876 vel
1366 1836 1430 1875 cor-

94 1919 218 1994 rigenda
240 1937 308 1980 esse
331 1921 377 1979 vel
400 1922 438 1980 iis
460 1922 622 1982 adicienda.

405 2105 628 2169 svrurvnu
656 2108 768 2185 (satta
791 2126 882 2187 supra
905 2128 933 2184 p.
951 2106 1021 2166 arr.
1038 2069 1123 2183 ser).

95 2261 185 2320 1472
208 2263 245 2321 ad
267 2263 381 2340 pr.V
405 2287 432 2323 u.
452 2265 539 2323 1321.
573 2266 730 2343 Repetitur
751 2266 790 2323 ad
812 2266 944 2324 eiusdem
967 2265 1096 2323 auctoris
1118 2265 1288 2339 exemplum
1310 2265 1378 2323 batt.
1394 2266 1429 2322 clu

138 2383 212 2422 corr.
228 2368 311 2439 ostio.
330 2386 357 2430 a.
376 2366 454 2425 1884
477 2387 505 2442 p.
523 2369 580 2426 311
605 2378 633 2426 et
656 2370 899 2445 comptae-rendae
915 2369 949 2424 dc
964 2365 1069 2425 l'oood.
1083 2366 1145 2423 XII
1167 2385 1194 2423 a.
1211 2366 1289 2425 1884
1311 2388 1340 2444 p.
1358 2366 1428 2438 256,

138 2467 188 2523 ubi
214 2466 292 2543 lapis
315 2468 422 2527 dicitur
445 2471 524 2527 altus
547 2488 614 2528 esse
636 2471 773 2541 m.1,07‚
801 2471 878 2527 latus
901 2469 986 2542 0,50‚
1013 2469 1069 2527 litt.
1091 2468 1162 2540 0‚05
1189 2476 1218 2525 et
1244 2469 1428 2527 emendatius

139 2568 264 2626 eduntur
286 2569 372 2627 baec:
399 2572 411 2626 l
430 2588 512 2646 seqq.
537 2587 803 2632 ucanurooveao

589 2690 714 2732 cassani

540 2793 630 2833 trare
654 2790 799 2834 cassatus

142 2899 155 2953 1
175 2896 222 2953 fiu.
247 2910 269 2953 o
292 2896 393 2953 littera
414 2895 528 2954 inserta
549 2905 595 2954 est
616 2897 816 2973 praecedeuti,
839 2897 909 2954 item
933 2894 1017 2954 8fiu.
1041 2911 1061 2953 o
1083 2895 1183 2952 littera
1204 2894 1349 2953 elemento
1364 2911 1394 2952 v.

526 3191 641 3250 zani
663 3189 801 3250 uaros
828 3191 1008 3268 (ojames).

98 3327 188 3386 1473
212 3326 366 3402 [Djiamaia
387 3330 417 3387 in
440 3329 517 3388 valle
539 3329 620 3386 fluvii
637 3325 751 3388 Siliano
773 3330 850 3388 inter
872 3338 946 3404 sept
970 3338 1000 3386 et
1016 3328 1160 3386 orientem
1176 3346 1195 3384 a
1210 3335 1308 3385 monte
1324 3326 1431 3401 Djebel

141 3429 318 3488 Massirdsch
344 3430 375 3506 [u
392 3433 456 3488 vico
479 3449 565 3506 quem
589 3433 618 3488 in
641 3431 744 3489 tabula
766 3432 835 3489 huic
852 3430 995 3490 fasciculo
1011 3429 1127 3488 adiecta
1149 3432 1280 3506 reperies
1296 3428 1376 3488 Gasr
1391 3429 1430 3486 el-

142 3530 241 3589 Hadid
264 3533 355 3590 distat
378 3531 517 3606 Djiamria
540 3534 721 3591 occidentem
751 3551 856 3591 versus
886 3533 955 3590 cbil.
983 3532 1112 3608 c.XV],
1142 3533 1190 3591 cui
1219 3533 1284 3589 loco
1310 3539 1433 3607 propter

142 3633 363 3691 similitudinem
387 3634 523 3692 vocabuli
545 3633 668 3694 Zamam
690 3637 844 3711 antiquam
867 3635 1001 3692 attribuit
1022 3634 1052 3691 in
1076 3653 1185 3710 mappa
1206 3655 1232 3692 a.
1250 3633 1327 3692 1857
1352 3632 1432 3689 edita

141 3735 246 3793 Trioot
268 3734 304 3792 de
327 3733 432 3793 Sainte
453 3735 562 3806 Marie,
584 3746 614 3793 et
636 3738 684 3794 bic
705 3737 809 3795 titulus
832 3747 948 3813 prostat
970 3744 1000 3793 et
1022 3737 1134 3794 arcuati
1157 3735 1256 3812 operis
1277 3734 1430 3809 reliquiae,

141 3837 306 3908 columnae,
329 3838 487 3909 cisternae,
510 3837 571 3894 ulia
592 3838 685 3896 multa
699 3838 854 3897 Romanae
874 3838 980 3896 aetatis
995 3838 1130 3914 vestigia.
1167 3836 1225 3894 Est
1238 3835 1347 3893 ibidem
1363 3835 1431 3892 fons

143 3938 308 3996 uberrimus
324 3940 402 3997 inter
416 3957 506 4016 rupes
524 3941 706 3998 scaturrieus
729 3941 798 4017 (une
820 3960 918 4000 coerce
939 3940 1109 4009 abundante,
1132 3939 1362 4008 trie-encausta,
1385 3957 1432 3995 en-

142 4041 234 4097 tourdc
256 4041 290 4097 de
316 4061 409 4111 mura,
437 4043 504 4100 dont
526 4043 556 4099 lo
575 4047 672 4118 partic
693 4044 847 4119 inse'rs‘eure
868 4065 887 4102 α
913 4043 955 4100 ἑτέ
978 4043 1141 4101 recommovit
1163 4041 1282 4116 repares
1304 4059 1364 4116 pur
1391 4041 1431 4099 les

141 4143 310 4218 indigenas).

583 4350 668 4390 colonia
689 4348 751 4390 AVG
770 4362 777 4374 ·
798 4348 862 4390 zato
882 4363 889 4376 ·
907 4351 952 4391 tta

584 4449 638 4491 iOr
663 4449 800 4491 dEVOTA
831 4450 952 4492 Nvidint

585 4551 848 4605 maleSTATleE
885 4552 952 4594 eiuS

693 4655 713 4694 d.
729 4655 750 4695 d.
773 4654 847 4705 ΡΨ.

99 4789 242 4848 Poinssot
263 4792 424 4870 descripsit
439 4794 477 4850 ad
493 4803 641 4870 ectypum,
663 4793 744 4868 quod
760 4793 841 4851 misit
856 4793 994 4867 Letaille,
1016 4805 1046 4854 et
1062 4813 1175 4854 mecum
1192 4795 1435 4866 communicavit3

98 4892 191 4950 edidit
212 4893 317 4952 Heron
340 4894 376 4952 de
389 4894 551 4954 Villelosse
572 4914 656 4953 revue
678 4898 798 4970 critique
819 4896 838 4952 4
861 4898 939 4973 Aug.
960 4897 1049 4956 1884.

17 4982 23 4987 ⁵
145 4996 221 5053 liin.
246 5007 315 5072 post
330 5007 471 5072 punctum
487 5016 564 5073 quae
580 4997 1039 5060 cerniturlitteraiructuautru
1059 5002 1118 5060 fuit
1137 5009 1188 5059 aut
1202 5020 1230 5058 Α.
1247 5033 1286 5041 -
1310 4997 1435 5076 Supple-

98 5095 141 5153 vit
163 5095 362 5157 Poiussotius.
388 5134 425 5142 —
448 5099 582 5159 Fuerunt
601 5099 696 5178 igitur
716 5099 920 5163 rste-has
940 5102 1028 5178 duee,
1054 5104 1174 5163 colonia
1197 5110 1320 5177 utraque
1343 5117 1437 5175 neque

96 5196 139 5254 ita
162 5199 284 5258 multum
309 5203 405 5261 altera
427 5202 465 5261 ab
487 5201 583 5263 altere
609 5200 696 5265 distat
960 5222 991 5267 ra
1016 5213 1117 5266 autem
1143 5206 1249 5265 ambae
1278 5204 1366 5281 louge
1392 5223 1438 5261 re-

181 5316 219 5375 V.
1174 5325 1212 5383 42
