3450 5828
268 493 314 560 14
696 509 968 562 nnuruaunnun
985 508 1080 586 «von.
1100 511 1143 561 111
1552 513 1582 561 15
1675 545 1682 559 .

262 686 385 744 missos.
427 683 493 744 Nec
515 685 634 743 dubium
657 695 703 742 est
723 685 760 743 de
782 681 906 743 Graecis
928 685 1058 761 Aegypti
1085 685 1127 743 ita
1147 684 1247 761 aliquo
1275 685 1363 743 modo
1385 684 1502 742 civitate
1525 683 1587 742 Ro·

264 805 354 844 mana
374 786 577 864 impertiendis
603 795 763 864 propterea
785 787 914 846 maxime
935 791 1127 845 coustitutum
1154 804 1235 858 esse,
1262 795 1296 845 ut
1320 787 1389 845 inde
1415 787 1527 845 tirones
1554 787 1585 845 iu

264 888 396 964 legiones
423 889 627 965 Aegyptiacae
653 889 712 965 legi
744 897 875 966 possent.
909 921 947 931 —
980 888 1064 946 Idem
1097 888 1244 964 colligitur
1276 907 1314 946 ex
1346 889 1425 947 tribu
1458 888 1585 946 militurn

265 991 526 1067 Aegyptiacorum.
574 992 608 1049 In
634 993 774 1069 Aegypto
802 991 853 1066 qui
880 1001 1050 1049 meruerunt
1075 992 1216 1069 perpauci
1245 1011 1284 1048 ex
1310 990 1400 1048 Italia
1430 998 1459 1048 et
1487 988 1587 1050 Gallia

265 1093 408 1164 homines,
430 1094 538 1152 tribum
560 1094 671 1152 habent
691 1110 763 1152 suae
785 1093 911 1169 quisque
933 1093 1066 1171 originis,
1088 1093 1290 1152 VercellensIs
1312 1093 1485 1166 Aniensem,
1506 1090 1586 1169 Lug-

265 1195 407 1255 dunensis
429 1194 593 1266 Galeriam,
619 1207 648 1254 et
668 1196 745 1253 idem
768 1195 943 1253 observatur
964 1196 994 1252 in
1016 1196 1117 1272 paucis
1138 1214 1214 1271 quae
1236 1215 1273 1254 ea
1293 1203 1389 1253 aetate
1411 1196 1441 1253 in
1465 1192 1587 1253 Oriente

265 1297 381 1356 luerunt
410 1298 537 1356 coloniis
569 1297 776 1374 municipiisve
809 1297 914 1354 civium
942 1296 1160 1368 Romanorum,
1195 1308 1228 1355 ut
1254 1297 1430 1373 Berytensis
1461 1297 1586 1356 Fabiam

265 1400 354 1458 hahet
380 1407 409 1458 et
435 1400 563 1459 fortasse
588 1400 692 1458 codem
721 1400 784 1457 iure
813 1397 960 1456 Uticensis
988 1395 1152 1471 Quirinum.
1201 1399 1322 1476 Reliqui
1349 1399 1460 1458 milites
1482 1417 1585 1457 omnes
1636 1447 1637 1451 ,

265 1522 331 1559 cnm
354 1501 473 1560 domum
495 1501 676 1579 adscriptam
699 1500 829 1559 habeant
851 1501 969 1559 civitate
991 1500 1128 1559 Romana
1148 1509 1297 1560 carentem
1319 1502 1367 1560 vel
1393 1501 1467 1560 adeo
1489 1510 1589 1559 castra

265 1606 346 1681 ipsa,
379 1604 494 1663 scilicet
517 1603 718 1680 Aegyptiace,
751 1604 794 1660 ita
821 1603 852 1660 in
880 1603 1025 1682 legionem
1052 1602 1120 1661 lecti
1146 1605 1206 1662 sint
1231 1621 1352 1663 necesse
1378 1613 1436 1676 est,
1470 1612 1501 1662 nt
1527 1622 1588 1661 una

266 1726 332 1764 cum
352 1706 470 1783 cingulo
492 1707 640 1765 civitatem
663 1706 840 1782 acciperent.
883 1704 919 1762 Id
933 1706 1009 1763 -inde
1031 1706 1232 1778 confirmatur,
1253 1706 1333 1782 qnod
1355 1724 1516 1782 quaecum
1539 1706 1587 1764 his

265 1809 402 1867 domibus
424 1807 580 1867 coniuncta
601 1808 748 1866 invenitur
769 1808 865 1865 tribus
887 1807 957 1866 alibi
979 1807 1114 1866 aliaest.
1155 1808 1203 1867 Ita
1223 1810 1253 1867 in
1275 1809 1332 1866 hoc
1354 1809 1421 1886 ipso
1443 1807 1588 1866 laterculo

267 1910 303 1970 ad
326 1910 454 1971 Tauium
477 1911 565 1969 modu
587 1910 690 1968 Pollia
712 1909 865 1986 adscripta
886 1919 941 1983 est,
964 1910 1052 1968 modo
1069 1908 1183 1987 Sergia,
1205 1910 1234 1968 iu
1250 1910 1364 1969 Dacico
1387 1918 1484 1968 autem
1508 1910 1594 1968 titulo

266 2013 340 2089 (vol.
356 2013 419 2086 ΙΙΙ,
444 2012 537 2088 1803)
565 2010 686 2071 Collina
694 2032 702 2083 ;
735 2013 858 2088 Ancyra
878 2031 945 2071 cum
967 2012 1015 2071 hic
1037 2029 1155 2088 semper
1176 2031 1241 2071 cum
1263 2012 1366 2071 Pollia
1386 2013 1532 2090 iungatur,
1560 2013 1592 2071 iu

265 2114 418 2175 naerens
434 2114 554 2174 urbana
577 2114 616 2190 (v.
632 2113 710 2191 upa.
722 2113 768 2172 1v
791 2133 819 2190 p.
833 2112 907 2189 aar)
930 2125 960 2173 et
980 2095 1588 2192 intituloAquincensi(Eph.11n.699)

267 2218 393 2277 Fabiam
419 2216 561 2288 adsumit3
588 2216 713 2274 eandem
738 2214 866 2274 sortasse
888 2214 1009 2292 Paphos
1033 2217 1063 2274 in
1090 2217 1177 2276 titulo
1200 2214 1381 2277 Germanico
1406 2217 1588 2291 (Brambach

268 2319 302 2379 C.
319 2319 415 2379 LRh.
441 2340 470 2378 n.
488 2319 599 2394 1408),
632 2335 707 2395 quae
733 2317 782 2376 bic
808 2317 846 2374 ad
873 2319 1036 2376 Aniensem
1061 2319 1203 2391 refertum
1237 2319 1434 2379 Alexandrini
1461 2319 1589 2394 denique

267 2422 355 2481 huius
377 2421 513 2480 laterculi
534 2439 602 2481 cum
624 2439 727 2479 omnes
749 2419 810 2479 sint
828 2420 952 2493 Polliae,
975 2423 1006 2479 ln
1028 2420 1113 2479 titulo
1128 2421 1328 2498 Neapolitano
1351 2420 1422 2481 C.I.
1436 2420 1490 2481 Gr.
1507 2421 1588 2479 5804

266 2525 414 2584 invenitur
434 2524 508 2582 civis
530 2541 632 2583 eorum
655 2522 825 2600 adscriptus
848 2521 1000 2596 Quirinae.

310 2626 400 2687 Cives
421 2627 476 2685 hos
499 2626 618 2685 ciuitate
639 2625 775 2683 Romana
795 2624 921 2684 donatos
944 2635 1056 2701 patrem
1080 2626 1140 2684 cire
1161 2645 1264 2686 omnes
1286 2633 1399 2686 tantum
1430 2628 1528 2698 abest,
1556 2636 1590 2685 nt

268 2729 411 2801 offendat,
438 2736 472 2787 ut
493 2729 568 2787 adeo
589 2727 788 2786 coniecturam
818 2727 985 2799 confirmet3
1012 2747 1095 2800 nam,
1122 2735 1154 2786 ut
1180 2729 1255 2788 bene
1282 2730 1397 2788 monuit
1418 2728 1589 2788 Huelsenus

268 2841 378 2904 noster,
400 2830 500 2890 nullus
521 2849 621 2890 eornm
644 2838 757 2906 patrem
778 2829 869 2889 habet
888 2832 1080 2906 praenomine
1103 2830 1232 2904 diverso,
1255 2831 1284 2888 id
1309 2832 1388 2908 qnod
1414 2833 1589 2908 praesertim

268 2936 298 2992 in
319 2933 407 2994 titulo
430 2933 493 2992 eius
516 2933 637 3004 aetatis,
667 2950 726 3008 qua
747 2934 968 3010 praenominum
995 2952 1069 2992 usus
1092 2933 1187 2993 adhuc
1215 2934 1301 3009 plene
1327 2935 1456 3013 vigebat,
1478 2934 1591 2992 indicat

268 3046 368 3114 patres
390 3055 428 3094 ex
449 3037 530 3095 bona
550 3044 632 3113 parte
654 3035 779 3093 ficticios
801 3052 869 3094 esse
890 3045 920 3095 et
940 3055 999 3094 una
1014 3055 1078 3095 cum
1094 3037 1172 3095 tribu
1187 3045 1218 3095 et
1232 3037 1351 3096 civitate
1366 3036 1538 3114 adsumptos
1550 3032 1589 3113 ¹).

311 3137 438 3198 Cuinam
460 3137 549 3196 tribui
572 3137 658 3195 huius
680 3137 798 3215 generis
821 3137 932 3196 tirones
953 3137 1200 3210 adscriberentur,
1222 3140 1286 3199 sine
1308 3139 1398 3197 dubio
1422 3157 1530 3215 magna
1551 3157 1589 3196 ex

270 3250 353 3317 parte
375 3241 412 3298 ab
434 3239 557 3298 arbitrio
579 3239 768 3315 imperatoris
791 3239 838 3297 rel
861 3240 916 3298 sub
938 3259 973 3297 eo
996 3240 1068 3298 haec
1089 3242 1221 3299 curantis
1243 3241 1400 3317 pendebat,
1422 3258 1517 3316 neque
1532 3257 1589 3298 nos

270 3352 347 3401 certe
363 3359 549 3417 quaeremus,
561 3342 587 3400 si
603 3344 722 3398 omnino
738 3340 775 3397 de
790 3359 827 3398 ea
840 3361 872 3400 re
888 3341 1025 3417 quaestio
1040 3342 1154 3401 institui
1166 3352 1273 3418 potest,
1286 3362 1339 3401 cnr
1349 3342 1514 3401 Tavienses
1528 3351 1589 3400 tres

269 3445 300 3501 in
320 3441 455 3521 Sergiam
476 3443 561 3502 relati
577 3442 646 3514 sint,
668 3440 846 3501 Nicaeensis
861 3443 891 3500 iu
905 3443 1070 3519 Papiriam,
1091 3444 1225 3522 Paphius
1241 3445 1272 3502 in
1287 3444 1456 3516 Aniensem,
1478 3445 1590 3504 Parae·

270 3546 413 3604 toniensis
427 3547 457 3604 in
469 3545 638 3621 Pupiniam.
659 3544 729 3603 Nou
744 3562 815 3604 casu
830 3553 928 3603 tamen
943 3546 1053 3604 iactum
1069 3555 1124 3618 est,
1139 3545 1217 3622 qnod
1233 3547 1320 3623 longe
1335 3547 1468 3622 plerique
1484 3547 1590 3604 horum

270 3648 397 3706 rnilitum
413 3648 603 3707 inveniuntur
617 3647 759 3724 adscripti
772 3646 896 3718 Polliae,
908 3666 1003 3724 neque
1017 3649 1047 3706 id
1063 3657 1155 3707 totum
1167 3667 1276 3707 novum
1289 3657 1344 3707 est.
1366 3648 1499 3708 Eandem
1511 3650 1589 3707 enim

271 3750 380 3808 tribum
402 3769 473 3828 prae
495 3768 528 3809 se
542 3751 643 3809 ferunt
657 3749 773 3820 milites,
796 3750 902 3825 quibus
917 3769 972 3825 pro
987 3751 1101 3826 origine
1116 3760 1215 3810 castra
1229 3751 1380 3828 adscripta
1394 3761 1473 3822 sunt,
1496 3751 1591 3809 adhuc

271 3853 332 3912 noti
354 3869 467 3926 omues,
490 3870 585 3945 neque
607 3870 857 3930 supervacaneum
880 3853 937 3911 erit
957 3853 1094 3930 excnrpla
1114 3854 1211 3913 adhuc
1228 3854 1348 3912 inventa
1363 3848 1589 3931 componere‘2).

271 4046 474 4055 a——n

330 4183 353 4247 ¹)
374 4185 444 4236 Haec
461 4185 656 4250 praenominum
676 4184 755 4250 patris
773 4183 870 4251 filiique
888 4184 954 4236 ratio
974 4186 1051 4237 etiam
1075 4184 1150 4236 latius
1173 4183 1298 4252 pervenit.
1343 4184 1414 4236 inter
1437 4184 1592 4252 legionarios

272 4278 358 4328 titulos
377 4278 479 4328 saeculo
498 4278 582 4343 primo
601 4278 709 4343 scriptos
728 4293 792 4342 quos
816 4278 938 4328 hahemus
964 4280 1008 4344 qui
1029 4279 1106 4343 longe
1130 4279 1239 4343 primum
1265 4280 1350 4330 locutu
1375 4287 1462 4330 tenent
1481 4280 1590 4344 Mogou·

272 4372 404 4431 clusenses,
424 4385 456 4419 ex
475 4371 608 4434 sexaginta
627 4378 723 4436 septem
736 4369 901 4421 Brambachii
919 4372 1136 4422 n.1141—1225
1156 4386 1311 4436 praenomen
1326 4380 1459 4437 utromque
1473 4372 1592 4436 ponent-i·

272 4464 318 4512 bus
337 4462 408 4513 XIII
426 4469 523 4512 tantum
544 4470 676 4526 paternum
695 4477 712 4513 a
729 4463 776 4512 lilii
795 4463 923 4513 diversum
945 4462 1054 4523 habent,
1079 4462 1146 4512 idem
1165 4463 1235 4513 LIV.
1277 4465 1337 4513 Iurc
1359 4464 1420 4513 inde
1443 4464 1591 4527 colligemus

272 4556 298 4604 in
313 4555 353 4604 his
367 4569 468 4621 quoquo
480 4555 625 4619 complures
639 4562 724 4618 patras
737 4555 863 4604 recenseri
877 4570 934 4605 cum
947 4556 1050 4605 civitate
1063 4562 1088 4604 et
1101 4560 1206 4619 propter
1218 4569 1275 4604 eam
1288 4556 1350 4605 iuris
1363 4557 1466 4607 fictione
1479 4556 1591 4605 effectos.

273 4672 306 4682 —
327 4647 474 4697 Posteriora
491 4655 575 4696 aetate
593 4647 684 4696 fratres
704 4647 817 4697 eiusdem
837 4647 1011 4712 praenominis
1029 4647 1124 4713 passim
1142 4647 1304 4713 reperiuntur
1322 4656 1348 4697 et
1367 4656 1499 4713 paternum
1519 4663 1592 4712 prae-

274 4753 368 4788 nomen
387 4738 421 4789 ad
439 4740 506 4790 tilios
525 4754 603 4804 saepe
621 4740 659 4788 ita
676 4739 729 4788 lere
748 4738 880 4789 descendit
898 4747 926 4789 ut
944 4740 1047 4805 patroni
1064 4739 1099 4789 ad
1116 4739 1230 4790 libertos.

330 4829 356 4894 Ι)
378 4828 470 4882 Caetra
489 4847 542 4882 non
558 4831 688 4895 adscripta
706 4830 773 4880 tribu
792 4832 953 4896 reperiuntur
975 4832 1002 4881 in
1024 4832 1158 4897 privilegio
1183 4832 1243 4881 dato
1263 4846 1286 4883 a.
1302 4833 1352 4882 178
1377 4834 1455 4899 equiti
1480 4832 1593 4883 cohortis

272 4923 469 4974 INumidarum
487 4920 590 4974 Valerio
608 4919 696 4972 Valeri
705 4921 731 4986 f.
751 4918 851 4972 Valenti
868 4923 980 4986 cnemis)
999 4924 1075 4988 (Eph.
1089 4923 1129 4974 IV
1148 4940 1173 4989 p.
1185 4923 1257 4987 504),
1277 4925 1336 4974 item
1356 4926 1497 4990 pascimin
1516 4927 1600 4975 later*

273 5016 336 5065 culis
360 5023 499 5067 castrorum
519 5016 783 5066 Lambaesitanurum.
826 5015 928 5065 Titulus
951 5016 1081 5067 votvm
1104 5032 1129 5065 n.
1144 5016 1229 5078 2950,
1256 5031 1330 5080 quem
1351 5018 1537 5068 Wilmannsina
1560 5018 1593 5068 ad

274 5115 357 5158 castra
381 5110 473 5170 traxit,
502 5108 642 5158 secundum
666 5107 808 5172 exemplum
834 5107 969 5159 Schmidtii
993 5109 1030 5157 sic
1054 5109 1139 5172 potins
1163 5116 1214 5158 ast:
1243 5106 1281 5157 M.
1301 5105 1394 5170 Iulia[s
1417 5107 1454 5160 M.
1467 5110 1505 5174 s.]
1536 5108 1593 5160 Pol.

277 5198 388 5265 Corque]
408 5216 460 5252 cor.
481 5198 611 5268 1e9.1[11
627 5198 706 5266 Any]
