3450 5828
222 503 292 572 148
388 595 390 599 ‚
800 523 980 576 nouusuu

220 694 318 752 ruisse
346 712 378 751 se
405 693 435 752 in
464 695 571 753 castris
601 695 811 771 praetoriis1).
867 693 991 773 Signum
1024 709 1122 757 autem
1155 708 1346 756 evocatorum
1373 706 1405 758 et
1435 697 1501 756 dux
1525 707 1556 757 et

220 795 339 872 proprie
362 795 543 872 principales
567 814 716 873 nusquam
738 805 919 874 comparent,
941 799 998 857 nisi
1021 798 1100 875 quod
1122 817 1200 857 unus
1220 800 1371 858 invenitur
1391 802 1469 876 optio
1491 816 1555 857 aeo-

219 897 391 973 c(atorum),
417 897 620 974 tetrardorum)
649 898 791 975 retrudor)
813 900 849 956 uh
872 897 1080 976 indicib(ua)²)
1108 901 1172 958 sive
1205 900 1298 976 (idem
1319 900 1399 959 enim
1420 898 1554 960 officium

218 999 336 1057 videtur
361 998 538 1076 significari)
565 1009 694 1059 evocatus
710 1001 835 1076 Augusti
849 1002 885 1059 ab
899 999 1090 1076 iudicibusl),
1111 1018 1208 1077 neque
1224 1011 1322 1061 tamen
1343 1001 1371 1060 is
1387 1002 1467 1060 inter
1482 1019 1553 1060 euo-

218 1111 301 1159 catos
324 1119 471 1159 summum
493 1101 592 1159 locum
615 1102 752 1172 obtinuit,
774 1121 839 1160 cum
863 1111 933 1180 post
954 1103 1140 1178 optionatum
1163 1101 1200 1160 ad
1223 1102 1303 1161 aliud
1325 1101 1458 1161 officium
1479 1102 1553 1161 item

218 1202 418 1261 evocatorium
445 1210 600 1278 promotus
626 1221 694 1262 esse
719 1204 901 1276 inveniatur,
929 1213 959 1262 et
985 1205 1030 1263 sic
1056 1215 1137 1263 recte
1159 1203 1327 1282 comparari
1352 1204 1464 1281 poterit
1483 1203 1553 1263 daci

219 1304 348 1362 curatori
374 1304 631 1380 praetorianorum
659 1314 688 1362 et
710 1305 930 1364 urbanioiorum
956 1315 1073 1364 creatus
1096 1306 1162 1365 sine
1184 1305 1275 1363 dubio
1296 1305 1334 1364 ad
1357 1304 1470 1364 salaria
1490 1305 1553 1363 ool·

218 1405 294 1482 legis
318 1406 563 1482 pernumerauda.
608 1404 642 1463 ln
664 1414 747 1465 tanto
770 1406 924 1465 titulorum
946 1425 1070 1466 numero
1092 1417 1233 1484 tantaque
1254 1407 1285 1465 in
1306 1407 1354 1465 bis
1375 1407 1467 1467 rebus
1488 1425 1553 1466 am·

219 1506 331 1564 bitionc
353 1507 486 1566 delectus
513 1507 565 1565 ille
587 1525 652 1565 cum
675 1508 758 1565 casui
786 1508 874 1567 tribui
901 1518 1045 1584 nequeat,
1073 1509 1135 1567 iure
1157 1507 1226 1567 inde
1252 1508 1426 1586 colligemus
1454 1526 1552 1586 nequa

218 1609 336 1684 siguum
358 1610 491 1667 evocatis
508 1609 638 1684 Augusti
660 1627 816 1667 commune
839 1610 932 1667 ullunr
954 1610 1050 1669 luisse
1067 1629 1163 1687 neque
1179 1610 1284 1669 ducem
1298 1627 1496 1682 communem,
1518 1610 1551 1669 id

217 1709 298 1783 quod
320 1709 378 1768 iere
401 1709 586 1768 retinuerunt
607 1730 646 1769 cx
672 1713 803 1770 evocatis
824 1711 995 1787 antiquis⁴)
1018 1720 1047 1770 et
1069 1711 1202 1770 estsine
1227 1710 1319 1770 dubio
1339 1711 1416 1770 inter
1430 1727 1553 1795 ausu,

219 1828 269 1867 cur
291 1810 407 1869 evocati
429 1811 618 1888 potissimum
641 1819 670 1871 et
691 1812 750 1889 ipsi
773 1813 947 1872 vocitentur.
982 1813 1018 1871 In
1040 1820 1203 1872 castrorum
1226 1811 1324 1870 forma
1343 1830 1466 1890 quoque
1485 1813 1553 1871 iun·

217 1921 326 1988 guntur
347 1932 413 1970 cum
439 1912 674 1990 primipilaribus
695 1915 905 1989 imperatorem
927 1914 1152 1986 comitantibus,
1180 1931 1257 1990 quos
1285 1915 1397 1991 pariter
1417 1913 1497 1974 duce
1523 1923 1555 1973 ct

219 2014 304 2091 signo
326 2031 381 2072 suo
403 2014 535 2073 caruisse
557 2015 717 2074 verisimile
739 2025 794 2074 est.

261 2113 356 2188 Quam
380 2116 418 2173 ob
445 2134 565 2175 causam
593 2125 731 2175 evocatos
755 2119 911 2194 Augustus
938 2117 1102 2176 instituerit
1129 2127 1158 2177 et
1183 2117 1293 2194 quibus
1319 2116 1429 2177 officiis
1455 2116 1556 2176 functi

277 2426 299 2488 ¹)
319 2426 348 2476 C.
363 2426 415 2490 VI,
436 2428 521 2476 2772:
550 2425 616 2477 Aur.
634 2422 730 2476 Mestro
749 2441 780 2476 ex
799 2426 868 2477 enok.
889 2427 1002 2493 quintil.
1021 2429 1049 2477 t'n
1069 2427 1186 2494 decium)
1206 2422 1308 2488 an.l'I,
1337 2427 1365 2476 in
1383 2432 1448 2476 caet.
1461 2432 1553 2494 praet.

217 2536 258 2568 aa.
273 2514 345 2567 XXI
424 2536 448 2568 o.
469 2534 526 2567 aun.
541 2513 667 2566 XXXVI
688 2518 778 2580 (immo
799 2514 972 2582 XXXXVI).
1018 2518 1087 2568 Anni
1106 2518 1175 2568 xxi
1198 2519 1304 2568 omniuo
1326 2516 1557 2583 comprehendunt

217 2617 270 2660 tam
289 2610 417 2674 stipendia
434 2609 549 2674 gregalia
567 2611 594 2659 in
614 2612 744 2673 praetorio
764 2625 839 2675 qnam
860 2612 1000 2660 evocatira.
1028 2610 1081 2663 Sed
1100 2610 1124 2659 ei
1144 2610 1218 2659 titulo
1237 2611 1276 2660 sni
1294 2610 1398 2675 generis
1410 2609 1493 2660 unico
1505 2624 1556 2661 aaa

217 2704 308 2753 aetatis
328 2703 410 2753 borrae
428 2718 481 2752 non
501 2702 608 2751 multum
629 2702 790 2751 tribuendum
811 2710 856 2751 est.
898 2703 984 2767 Magis
1002 2703 1052 2751 buc
1071 2702 1182 2766 pertinet
1201 2701 1329 2752 dedicatio
1352 2715 1433 2766 snpra
1457 2716 1487 2767 p.
1501 2701 1554 2751 145

218 2797 308 2856 citata;
328 2810 388 2844 nam
408 2810 465 2843 cum
484 2795 511 2843 in
531 2807 562 2843 ea
580 2801 639 2857 post
657 2793 799 2857 praefectos
813 2794 934 2857 praetorii
949 2800 1128 2844 enumerentur
1141 2793 1237 2843 tribuni
1249 2792 1395 2857 mitiusque
1409 2799 1461 2842 tam
1476 2807 1555 2858 prae·

217 2888 342 2936 toriarnm
362 2885 506 2935 cohortium
525 2898 602 2949 quam
622 2884 777 2934 urbanarum
797 2886 908 2950 itemquo
928 2892 1036 2934 statores
1055 2893 1081 2933 et
1100 2885 1211 2945 evocati,
1235 2884 1320 2935 absint
1341 2891 1429 2935 autem
1448 2884 1553 2949 vigiles,

218 2978 342 3028 classiarii
361 2978 467 3038 urbani,
493 2978 591 3041 equites
613 2976 769 3041 singulares,
796 2978 934 3026 verisimile
958 2984 996 3026 eat
1018 2977 1077 3026 illos
1100 2991 1220 3027 numeros
1239 2990 1271 3025 eo
1289 2975 1394 3025 nomine
1418 2975 1554 3041 coniungi,

219 3070 286 3133 quod
307 3068 432 3133 parebant
451 3068 587 3132 praefectis
607 3069 744 3131 praetorio.
790 3068 822 3117 Id
846 3068 975 3117 etiamad
999 3069 1111 3118 urbanas
1135 3067 1254 3117 cohortes
1279 3066 1476 3131 quodammodo
1495 3081 1554 3133 per·

218 3162 306 3210 venire
325 3163 366 3210 vel
385 3160 446 3210 inde
466 3159 608 3223 colligitur,
628 3160 697 3224 quod
716 3160 771 3210 iure
790 3175 869 3209 unum
890 3175 982 3224 corpus
1001 3174 1058 3209 cum
1077 3159 1248 3225 praetorianis
1265 3158 1409 3220 iaciebant3
1434 3157 1553 3208 credide·

218 3254 317 3317 rimque
336 3253 390 3301 fere
409 3253 482 3302 utin
495 3250 595 3313 Africa,
616 3251 658 3300 ubi
678 3251 744 3314 legio
758 3251 800 3301 111
819 3252 937 3317 Augusto
956 3251 1043 3316 legato
1061 3252 1098 3300 ita
1117 3250 1232 3315 parebat,
1250 3256 1279 3299 ut
1297 3256 1395 3300 certum
1413 3264 1552 3300 numerum

219 3344 351 3393 hominum
371 3344 404 3393 ad
422 3344 602 3408 proconsulem
622 3342 768 3406 deputaret,
793 3343 829 3392 ita
847 3344 874 3391 in
894 3344 957 3393 urbe
975 3342 1060 3393 Roma
1084 3341 1233 3395 cohortibus
1257 3342 1352 3392 civium
1371 3339 1553 3392 Romanorum

217 3435 360 3501 praefectos
379 3444 475 3485 certum
494 3450 629 3485 numerum
647 3448 735 3484 carum
755 3433 891 3499 deputasse
911 3434 1040 3498 praesecto
1060 3435 1125 3484 urbi.

276 3525 300 3588 ⁹)
320 3527 422 3578 Titulus
435 3527 571 3577 Ravennae
583 3526 732 3576 Bormanno
752 3525 945 3586 risus(G.X1,
965 3527 998 3576 19
1021 3545 1055 3567 =
1077 3525 1157 3578 Orell.
1172 3523 1255 3586 3464)
1275 3526 1311 3575 sic
1329 3530 1382 3574 est:
1402 3520 1441 3575 II.
1455 3522 1553 3593 Aptae

221 3617 250 3668 Τ.
268 3618 293 3682 s.
318 3615 385 3668 Cam.
414 3616 504 3668 Tironi
523 3616 724 3684 p(rimt)p(ilurr)
750 3617 876 3683 lc9(ionia)
897 3614 984 3667 XXII
1005 3617 1190 3684 prumiqstrriac)
1209 3616 1293 3684 plius)
1310 3612 1446 3679 slidclr'a),
1475 3630 1553 3683 proe-

210 3710 306 3775 s(ecto)
328 3709 454 3775 testinula)
473 3707 550 3759 XIII
564 3709 694 3775 pembroc,
715 3710 864 3772 centuriam)
886 3708 1012 3776 lep(iorria)
1026 3706 1080 3759 XV
1092 3708 1284 3776 Apnllhhorh),
1303 3704 1429 3774 woc(oto)
1450 3725 1469 3758 a
1487 3724 1552 3760 oon-

216 3801 367 3864 mettl(art'i8)
387 3800 591 3863 cust(odiurum),
618 3803 715 3868 optioni
732 3816 799 3851 cccc.
823 3800 903 3851 salar.
928 3808 1008 3851 curat.
1032 3798 1065 3850 ab
1090 3798 1206 3861 indiae,
1230 3806 1332 3867 patron.
1356 3815 1422 3850 nun.
1443 3798 1554 3860 hm..

214 3894 305 3959 pontis.
339 3894 457 3944 Alterum
476 3909 543 3943 croc.
564 3893 644 3942 deleri
664 3894 737 3943 iussit
749 3892 908 3944 Schmidtius
926 3909 950 3956 p.
965 3892 1018 3942 342
1032 3900 1085 3943 not.
1100 3891 1154 3942 344
1168 3898 1230 3954 not,
1250 3891 1352 3942 sortiter
1370 3891 1455 3957 magia
1472 3906 1550 3958 qun

217 3985 364 4049 prudenter.
403 3987 475 4037 Idem
495 3993 581 4035 tamen
600 3992 669 4034 recte
689 3998 729 4033 me
748 3984 912 4049 reprehendit
934 3984 967 4033 ob
992 3984 1113 4034 reiectam
1137 3983 1373 4049 interpretationem
1391 3982 1551 4035 Orelllanarn

217 4076 311 4125 solarii
329 4078 368 4125 rel
389 4079 474 4141 potina
493 4076 646 4126 salariorum
664 4077 790 4126 curatoris
803 4076 935 4126 defensam
949 4076 1054 4126 omnino
1068 4076 1261 4141 comparatione
1272 4075 1328 4125 daci
1341 4076 1470 4127 contorto
1481 4073 1548 4141 apati

218 4170 404 4232 praetorianos.
436 4169 489 4221 Sed
509 4169 578 4234 quod
597 4168 775 4233 gravissimum
794 4176 841 4230 est,
862 4169 933 4233 optio
953 4182 1035 4233 neque
1053 4167 1121 4218 nude
1134 4168 1273 4233 procedere
1285 4172 1371 4232 potest
1383 4180 1471 4233 neque
1482 4166 1549 4217 intre

217 4269 381 4311 evocatorum
402 4261 551 4311 vocabulum
572 4261 611 4310 bis
631 4262 765 4325 repetitum
786 4260 951 4325 interpositus
977 4260 1009 4309 ab
1034 4259 1066 4309 iis
1091 4265 1160 4309 recte
1183 4259 1312 4325 separati3
1340 4266 1478 4324 praetcrea
1493 4258 1548 4324 ipat

218 4353 334 4403 vocabuli
355 4354 473 4417 repetitio
492 4353 529 4401 ita
548 4353 643 4417 optime
664 4353 818 4418 explicatur,
843 4359 942 4402 utnon
962 4357 1081 4401 evocatus
1100 4351 1139 4401 bia
1158 4357 1281 4416 ponatur,
1305 4350 1351 4401 aed
1374 4348 1548 4416 distinguatur

217 4453 335 4494 evocatus
355 4460 413 4495 cum
432 4445 534 4495 adiecta
552 4444 765 4495 determinatione
784 4445 817 4494 ab
837 4443 942 4507 optione
961 4449 1134 4493 evocatorum.

276 4532 301 4597 ³)
322 4537 351 4586 C.
367 4537 413 4597 v1‚
434 4537 519 4587 ³414:
540 4533 572 4587 L.
592 4535 703 4586 Antistio
723 4533 754 4586 L.
767 4534 793 4601 s.
815 4532 874 4585 sat.
897 4531 986 4592 Quieto
1005 4549 1071 4584 ecoe.
1092 4533 1160 4600 Aug.
1180 4530 1213 4583 ab
1231 4530 1336 4584 iudices.

275 4624 299 4688 ⁴)
319 4627 457 4690 Appianus
477 4627 500 4677 b.
520 4644 542 4676 c.
558 4628 587 4689 3,
612 4630 648 4678 40
668 4642 789 4678 enarrans
812 4627 989 4677 evocationem
1008 4632 1188 4676 veteranorum
1206 4632 1370 4691 paternorum
1389 4632 1451 4690 post
1467 4624 1545 4676 dicta·
1590 4664 1592 4671 .

217 4719 280 4766 toris
305 4719 409 4768 eaedem
429 4733 445 4766 a
468 4718 522 4768 lilio
547 4720 688 4769 institutam
707 4706 775 4786 ἦγεν,
800 4720 897 4784 inquit,
925 4715 949 4775 t,
977 4710 1078 4785 μυρίους
1107 4705 1199 4785 ἄνδρας
1227 4705 1282 4766 orire
1311 4707 1485 4786 dahwpiveoc
1512 4710 1547 4764 lr-
1589 4698 1592 4717 ¹

215 4806 292 4865 τιλῶς
316 4797 370 4858 οὔτι
391 4805 595 4877 constantiacus
613 4828 648 4860 πω
667 4802 724 4860 xar‘
744 4804 815 4874 ἴλας,
845 4805 910 4858 ἀλλ’
937 4800 967 4866 ὥς
991 4806 1014 4866 lc
1032 4795 1106 4876 μένην
1123 4804 1168 4859 reii
1187 4805 1299 4876 culparet
1313 4794 1435 4876 ’ψυλωίν
1452 4797 1494 4875 ἔφ’
1514 4800 1547 4856 bl

216 4895 320 4967 σημείῳ.
359 4902 494 4953 Antonium
508 4901 664 4970 praesectum
683 4909 839 4954 evocatorum
858 4916 963 4952 suorum
982 4908 1107 4951 memorat
1123 4900 1216 4953 Cicero
1231 4899 1340 4952 Ciliciae
1356 4898 1498 4967 preconari
1513 4896 1547 4949 ad

216 4991 277 5043 fam.
298 4993 324 5056 3,
345 4993 369 5056 6,
392 4995 416 5045 5.
454 4996 560 5045 Evocati
580 4995 668 5060 quales
689 5002 741 5045 tum
761 5002 836 5045 erant
853 5002 881 5044 ut
901 5009 948 5044 nec
966 4993 1045 5058 signis
1065 5007 1112 5043 nec
1134 4992 1242 5044 ducibus
1264 4992 1343 5058 plano
1365 4992 1456 5044 carere
1477 4996 1547 5057 pots·

216 5093 282 5145 rant,
302 5086 339 5135 ita
357 5101 385 5136 re
404 5087 486 5151 magis
506 5086 634 5136 habebant
654 5101 729 5151 quam
749 5088 805 5136 iure
823 5093 849 5136 et
868 5086 994 5151 quidquid
1007 5085 1039 5136 de
1052 5085 1083 5135 iis
1097 5084 1219 5136 traditum
1232 5082 1388 5151 accepimus,
1407 5080 1548 5135 lucnletdoe

215 5177 327 5229 ostendit
346 5178 535 5231 ordinationem
555 5177 682 5243 legitimae
702 5177 812 5229 militiae
831 5177 864 5227 ad
884 5191 928 5228 eos
947 5177 1018 5228 nullo
1037 5176 1117 5229 modo
1135 5176 1299 5243 murro.
1463 5188 1466 5193 '
1531 5170 1536 5179 ’
