<?xml version="1.0" encoding="UTF-8"?>
<!DOCTYPE html PUBLIC "-//W3C//DTD XHTML 1.0 Transitional//EN"
    "http://www.w3.org/TR/xhtml1/DTD/xhtml1-transitional.dtd">
<html xmlns="http://www.w3.org/1999/xhtml" xml:lang="en" lang="en">
 <head>
  <title>
</title>
<meta http-equiv="Content-Type" content="text/html;charset=utf-8" />
  <meta name='ocr-system' content='tesseract 3.04.00' />
  <meta name='ocr-capabilities' content='ocr_page ocr_carea ocr_par ocr_line ocrx_word'/>
</head>
<body>
  <div class='ocr_page' id='page_1' title='image "./ephemerisepigra01instgoog_0640.png"; bbox 0 0 3450 5828; ppageno 0'>
   <div class='ocr_carea' id='block_1_1' title="bbox 222 489 977 563">
    <p class='ocr_par' dir='ltr' id='par_1_1' title="bbox 222 489 977 563">
     <span class='ocr_line' id='line_1_1' title="bbox 222 489 977 563; baseline 0.001 -3"><span class='ocrx_word' id='word_1_1' title='bbox 222 489 296 560; x_wconf 88' lang='grc'><strong>634</strong></span> <span class='ocrx_word' id='word_1_2' title='bbox 794 510 977 563; x_wconf 73' lang='grc'>1101111011</span> 
     </span>
    </p>
   </div>
   <div class='ocr_carea' id='block_1_2' title="bbox 200 682 1560 4339">
    <p class='ocr_par' dir='ltr' id='par_1_2' title="bbox 218 682 1560 1166">
     <span class='ocr_line' id='line_1_2' title="bbox 263 682 1560 761; baseline -0.002 -18"><span class='ocrx_word' id='word_1_3' title='bbox 263 682 448 743; x_wconf 88' lang='lat' dir='ltr'><strong>Salutatorcs</strong></span> <span class='ocrx_word' id='word_1_4' title='bbox 472 683 667 741; x_wconf 86' lang='lat' dir='ltr'><strong>admittuntur</strong></span> <span class='ocrx_word' id='word_1_5' title='bbox 689 702 742 758; x_wconf 90' lang='lat' dir='ltr'><strong>per</strong></span> <span class='ocrx_word' id='word_1_6' title='bbox 764 683 890 759; x_wconf 86' lang='lat' dir='ltr'><strong>gradus,</strong></span> <span class='ocrx_word' id='word_1_7' title='bbox 918 702 1045 759; x_wconf 90' lang='lat' dir='ltr'><strong>quorum</strong></span> <span class='ocrx_word' id='word_1_8' title='bbox 1071 696 1132 744; x_wconf 92' lang='lat' dir='ltr'><strong>tres</strong></span> <span class='ocrx_word' id='word_1_9' title='bbox 1156 694 1237 743; x_wconf 91' lang='lat' dir='ltr'><strong>certo</strong></span> <span class='ocrx_word' id='word_1_10' title='bbox 1259 692 1499 761; x_wconf 85' lang='lat' dir='ltr'><strong>cognoscuntur,</strong></span> <span class='ocrx_word' id='word_1_11' title='bbox 1525 683 1560 741; x_wconf 86' lang='lat' dir='ltr'><strong>de</strong></span> 
     </span>
     <span class='ocr_line' id='line_1_3' title="bbox 219 785 1559 865; baseline -0.001 -22"><span class='ocrx_word' id='word_1_12' title='bbox 219 797 324 862; x_wconf 89' lang='lat' dir='ltr'><strong>quarto</strong></span> <span class='ocrx_word' id='word_1_13' title='bbox 350 796 380 844; x_wconf 89' lang='lat' dir='ltr'><strong>ct</strong></span> <span class='ocrx_word' id='word_1_14' title='bbox 408 787 512 860; x_wconf 88' lang='lat' dir='ltr'><strong>quinto</strong></span> <span class='ocrx_word' id='word_1_15' title='bbox 541 787 639 843; x_wconf 90' lang='lat' dir='ltr'><strong>minus</strong></span> <span class='ocrx_word' id='word_1_16' title='bbox 667 793 794 855; x_wconf 87' lang='lat' dir='ltr'><strong>constat,</strong></span> <span class='ocrx_word' id='word_1_17' title='bbox 818 786 957 844; x_wconf 90' lang='lat' dir='ltr'><strong>videntur</strong></span> <span class='ocrx_word' id='word_1_18' title='bbox 979 795 1077 845; x_wconf 90' lang='lat' dir='ltr'><strong>tamen</strong></span> <span class='ocrx_word' id='word_1_19' title='bbox 1099 787 1230 863; x_wconf 89' lang='lat' dir='ltr'><strong>quinque</strong></span> <span class='ocrx_word' id='word_1_20' title='bbox 1252 786 1364 865; x_wconf 76' lang='lat' dir='ltr'><strong>gradum</strong></span> <span class='ocrx_word' id='word_1_21' title='bbox 1386 785 1462 844; x_wconf 86' lang='lat' dir='ltr'><strong>facti</strong></span> <span class='ocrx_word' id='word_1_22' title='bbox 1483 803 1559 845; x_wconf 89' lang='lat' dir='ltr'><strong>esse.</strong></span> 
     </span>
     <span class='ocr_line' id='line_1_4' title="bbox 218 887 1558 965; baseline 0.001 -21"><span class='ocrx_word' id='word_1_23' title='bbox 218 887 345 963; x_wconf 84' lang='lat' dir='ltr'><strong>Aliquot</strong></span> <span class='ocrx_word' id='word_1_24' title='bbox 359 887 469 964; x_wconf 79' lang='lat' dir='ltr'><strong>gradus</strong></span> <span class='ocrx_word' id='word_1_25' title='bbox 485 889 622 946; x_wconf 91' lang='lat' dir='ltr'><strong>homines</strong></span> <span class='ocrx_word' id='word_1_26' title='bbox 639 889 790 946; x_wconf 83' lang='lat' dir='ltr'><strong>continent</strong></span> <span class='ocrx_word' id='word_1_27' title='bbox 806 888 942 947; x_wconf 87' lang='lat' dir='ltr'><strong>diversae</strong></span> <span class='ocrx_word' id='word_1_28' title='bbox 958 888 1118 947; x_wconf 80' lang='lat' dir='ltr'><strong>admodum</strong></span> <span class='ocrx_word' id='word_1_29' title='bbox 1135 889 1288 965; x_wconf 82' lang='lat' dir='ltr'><strong>dignitatis</strong></span> <span class='ocrx_word' id='word_1_30' title='bbox 1303 888 1347 947; x_wconf 89' lang='lat' dir='ltr'><strong>ita</strong></span> <span class='ocrx_word' id='word_1_31' title='bbox 1362 897 1558 964; x_wconf 70' lang='lat' dir='ltr'><strong>exaequatos,</strong></span> 
     </span>
     <span class='ocr_line' id='line_1_5' title="bbox 218 990 1558 1068; baseline 0.001 -22"><span class='ocrx_word' id='word_1_32' title='bbox 218 999 250 1046; x_wconf 90' lang='lat' dir='ltr'><strong>ut</strong></span> <span class='ocrx_word' id='word_1_33' title='bbox 275 990 326 1064; x_wconf 92' lang='lat' dir='ltr'><strong>qui</strong></span> <span class='ocrx_word' id='word_1_34' title='bbox 353 991 457 1048; x_wconf 87' lang='lat' dir='ltr'><strong>eodem</strong></span> <span class='ocrx_word' id='word_1_35' title='bbox 483 991 577 1066; x_wconf 82' lang='lat' dir='ltr'><strong>gradu</strong></span> <span class='ocrx_word' id='word_1_36' title='bbox 606 1001 706 1049; x_wconf 86' lang='lat' dir='ltr'><strong>essent</strong></span> <span class='ocrx_word' id='word_1_37' title='bbox 734 993 772 1049; x_wconf 91' lang='lat' dir='ltr'><strong>ab</strong></span> <span class='ocrx_word' id='word_1_38' title='bbox 798 990 919 1048; x_wconf 85' lang='lat' dir='ltr'><strong>nlliciali</strong></span> <span class='ocrx_word' id='word_1_39' title='bbox 950 991 1185 1050; x_wconf 88' lang='lat' dir='ltr'><strong>admissionibus</strong></span> <span class='ocrx_word' id='word_1_40' title='bbox 1214 992 1388 1068; x_wconf 89' lang='lat' dir='ltr'><strong>praeposito</strong></span> <span class='ocrx_word' id='word_1_41' title='bbox 1410 990 1501 1049; x_wconf 92' lang='lat' dir='ltr'><strong>simul</strong></span> <span class='ocrx_word' id='word_1_42' title='bbox 1522 990 1558 1047; x_wconf 89' lang='lat' dir='ltr'><strong>ad</strong></span> 
     </span>
     <span class='ocr_line' id='line_1_6' title="bbox 218 1091 674 1166; baseline 0.002 -18"><span class='ocrx_word' id='word_1_43' title='bbox 218 1091 386 1166; x_wconf 88' lang='lat' dir='ltr'><strong>praesidem</strong></span> <span class='ocrx_word' id='word_1_44' title='bbox 410 1092 674 1152; x_wconf 84' lang='lat' dir='ltr'><strong>introducerentur.</strong></span> 
     </span>
    </p>

    <p class='ocr_par' dir='ltr' id='par_1_3' title="bbox 209 1193 1554 1677">
     <span class='ocr_line' id='line_1_7' title="bbox 257 1193 1553 1272; baseline 0.002 -22"><span class='ocrx_word' id='word_1_45' title='bbox 257 1193 293 1251; x_wconf 93' lang='lat' dir='ltr'><strong>In</strong></span> <span class='ocrx_word' id='word_1_46' title='bbox 321 1195 418 1270; x_wconf 92' lang='lat' dir='ltr'><strong>primo</strong></span> <span class='ocrx_word' id='word_1_47' title='bbox 446 1195 540 1272; x_wconf 86' lang='lat' dir='ltr'><strong>gradu</strong></span> <span class='ocrx_word' id='word_1_48' title='bbox 565 1195 644 1271; x_wconf 90' lang='lat' dir='ltr'><strong>quod</strong></span> <span class='ocrx_word' id='word_1_49' title='bbox 672 1197 797 1271; x_wconf 88' lang='lat' dir='ltr'><strong>primum</strong></span> <span class='ocrx_word' id='word_1_50' title='bbox 827 1197 925 1254; x_wconf 90' lang='lat' dir='ltr'><strong>locum</strong></span> <span class='ocrx_word' id='word_1_51' title='bbox 953 1206 1107 1254; x_wconf 79' lang='lat' dir='ltr'><strong>senatores</strong></span> <span class='ocrx_word' id='word_1_52' title='bbox 1129 1205 1244 1265; x_wconf 89' lang='lat' dir='ltr'><strong>tenent,</strong></span> <span class='ocrx_word' id='word_1_53' title='bbox 1272 1194 1479 1270; x_wconf 82' lang='lat' dir='ltr'><strong>explicatione</strong></span> <span class='ocrx_word' id='word_1_54' title='bbox 1499 1213 1553 1253; x_wconf 93' lang='lat' dir='ltr'><strong>non</strong></span> 
     </span>
     <span class='ocr_line' id='line_1_8' title="bbox 215 1296 1554 1374; baseline 0.001 -22"><span class='ocrx_word' id='word_1_55' title='bbox 215 1296 346 1371; x_wconf 81' lang='lat' dir='ltr'><strong>indiget3</strong></span> <span class='ocrx_word' id='word_1_56' title='bbox 369 1298 447 1355; x_wconf 92' lang='lat' dir='ltr'><strong>uude</strong></span> <span class='ocrx_word' id='word_1_57' title='bbox 470 1297 499 1355; x_wconf 91' lang='lat' dir='ltr'><strong>id</strong></span> <span class='ocrx_word' id='word_1_58' title='bbox 522 1298 700 1356; x_wconf 85' lang='lat' dir='ltr'><strong>vocabulum</strong></span> <span class='ocrx_word' id='word_1_59' title='bbox 718 1299 799 1372; x_wconf 88' lang='lat' dir='ltr'><strong>poni,</strong></span> <span class='ocrx_word' id='word_1_60' title='bbox 816 1306 848 1355; x_wconf 93' lang='lat' dir='ltr'><strong>ut</strong></span> <span class='ocrx_word' id='word_1_61' title='bbox 863 1298 1152 1374; x_wconf 84' lang='lat' dir='ltr'><strong>comprehendantur</strong></span> <span class='ocrx_word' id='word_1_62' title='bbox 1167 1297 1327 1356; x_wconf 80' lang='lat' dir='ltr'><strong>clarissimi</strong></span> <span class='ocrx_word' id='word_1_63' title='bbox 1344 1315 1462 1369; x_wconf 89' lang='lat' dir='ltr'><strong>omnes,</strong></span> <span class='ocrx_word' id='word_1_64' title='bbox 1481 1297 1554 1373; x_wconf 78' lang='lat' dir='ltr'><strong>legis</strong></span> 
     </span>
     <span class='ocr_line' id='line_1_9' title="bbox 215 1397 1553 1477; baseline 0.001 -23"><span class='ocrx_word' id='word_1_65' title='bbox 215 1409 392 1473; x_wconf 85' lang='lat' dir='ltr'><strong>argumento</strong></span> <span class='ocrx_word' id='word_1_66' title='bbox 408 1407 508 1475; x_wconf 87' lang='lat' dir='ltr'><strong>aptum</strong></span> <span class='ocrx_word' id='word_1_67' title='bbox 525 1409 579 1469; x_wconf 90' lang='lat' dir='ltr'><strong>cst,</strong></span> <span class='ocrx_word' id='word_1_68' title='bbox 596 1410 751 1477; x_wconf 88' lang='lat' dir='ltr'><strong>potestque</strong></span> <span class='ocrx_word' id='word_1_69' title='bbox 767 1401 933 1475; x_wconf 88' lang='lat' dir='ltr'><strong>comparari</strong></span> <span class='ocrx_word' id='word_1_70' title='bbox 949 1400 1124 1458; x_wconf 90' lang='lat' dir='ltr'><strong>constitutio</strong></span> <span class='ocrx_word' id='word_1_71' title='bbox 1143 1418 1169 1456; x_wconf 92' lang='lat' dir='ltr'><strong>a.</strong></span> <span class='ocrx_word' id='word_1_72' title='bbox 1187 1399 1247 1458; x_wconf 87' lang='grc'><strong>364</strong></span> <span class='ocrx_word' id='word_1_73' title='bbox 1266 1397 1317 1475; x_wconf 85' lang='lat' dir='ltr'><strong>(C.</strong></span> <span class='ocrx_word' id='word_1_74' title='bbox 1333 1399 1392 1457; x_wconf 86' lang='lat' dir='ltr'><strong>Th</strong></span> <span class='ocrx_word' id='word_1_75' title='bbox 1409 1399 1441 1468; x_wconf 81' lang='grc'>9,</span> <span class='ocrx_word' id='word_1_76' title='bbox 1457 1397 1507 1471; x_wconf 83' lang='grc'>30,</span> <span class='ocrx_word' id='word_1_77' title='bbox 1525 1399 1553 1473; x_wconf 95' lang='grc'><strong>1)</strong></span> 
     </span>
     <span class='ocr_line' id='line_1_10' title="bbox 215 1500 1554 1579; baseline 0.001 -23"><span class='ocrx_word' id='word_1_78' title='bbox 215 1500 251 1557; x_wconf 89' lang='lat' dir='ltr'><strong>de</strong></span> <span class='ocrx_word' id='word_1_79' title='bbox 273 1502 362 1558; x_wconf 89' lang='lat' dir='ltr'><strong>simili</strong></span> <span class='ocrx_word' id='word_1_80' title='bbox 390 1502 546 1578; x_wconf 83' lang='lat' dir='ltr'><strong>privilegio</strong></span> <span class='ocrx_word' id='word_1_81' title='bbox 576 1503 658 1560; x_wconf 87' lang='lat' dir='ltr'><strong>data:</strong></span> <span class='ocrx_word' id='word_1_82' title='bbox 687 1506 807 1579; x_wconf 76' lang='lat' dir='ltr'><strong>acceptis</strong></span> <span class='ocrx_word' id='word_1_83' title='bbox 835 1503 1012 1561; x_wconf 84' lang='lat' dir='ltr'><strong>senatoribus</strong></span> <span class='ocrx_word' id='word_1_84' title='bbox 1034 1512 1120 1577; x_wconf 79' lang='lat' dir='ltr'><strong>atque</strong></span> <span class='ocrx_word' id='word_1_85' title='bbox 1141 1503 1297 1569; x_wconf 81' lang='lat' dir='ltr'><strong>honoratis,</strong></span> <span class='ocrx_word' id='word_1_86' title='bbox 1318 1503 1419 1560; x_wconf 81' lang='lat' dir='ltr'><strong>sedet</strong></span> <span class='ocrx_word' id='word_1_87' title='bbox 1439 1501 1485 1558; x_wconf 83' lang='lat' dir='ltr'><strong>bis</strong></span> <span class='ocrx_word' id='word_1_88' title='bbox 1506 1502 1554 1577; x_wconf 86' lang='lat' dir='ltr'><strong>qui</strong></span> 
     </span>
     <span class='ocr_line' id='line_1_11' title="bbox 209 1605 611 1677; baseline 0.007 -18"><span class='ocrx_word' id='word_1_89' title='bbox 209 1607 377 1677; x_wconf 77' lang='lat' dir='ltr'><strong>provincias</strong></span> <span class='ocrx_word' id='word_1_90' title='bbox 400 1605 611 1662; x_wconf 88' lang='lat' dir='ltr'><strong>administrant.</strong></span> 
     </span>
    </p>

    <p class='ocr_par' dir='ltr' id='par_1_4' title="bbox 204 1704 1550 3607">
     <span class='ocr_line' id='line_1_12' title="bbox 256 1704 1550 1784; baseline -0.002 -20"><span class='ocrx_word' id='word_1_91' title='bbox 256 1704 315 1778; x_wconf 84' lang='lat' dir='ltr'><strong>Qui</strong></span> <span class='ocrx_word' id='word_1_92' title='bbox 338 1713 504 1781; x_wconf 90' lang='lat' dir='ltr'><strong>sequuntur</strong></span> <span class='ocrx_word' id='word_1_93' title='bbox 526 1711 647 1777; x_wconf 78' lang='lat' dir='ltr'><strong>conules,</strong></span> <span class='ocrx_word' id='word_1_94' title='bbox 670 1707 884 1782; x_wconf 85' lang='lat' dir='ltr'><strong>intelleguntur</strong></span> <span class='ocrx_word' id='word_1_95' title='bbox 898 1708 1018 1765; x_wconf 90' lang='lat' dir='ltr'><strong>omnino</strong></span> <span class='ocrx_word' id='word_1_96' title='bbox 1033 1708 1212 1784; x_wconf 87' lang='lat' dir='ltr'><strong>praesertim</strong></span> <span class='ocrx_word' id='word_1_97' title='bbox 1226 1705 1283 1765; x_wconf 92' lang='lat' dir='ltr'><strong>loci</strong></span> <span class='ocrx_word' id='word_1_98' title='bbox 1298 1705 1465 1779; x_wconf 87' lang='lat' dir='ltr'><strong>inferioris,</strong></span> <span class='ocrx_word' id='word_1_99' title='bbox 1487 1723 1550 1763; x_wconf 89' lang='lat' dir='ltr'><strong>cum</strong></span> 
     </span>
     <span class='ocr_line' id='line_1_13' title="bbox 212 1806 1549 1886; baseline -0.003 -20"><span class='ocrx_word' id='word_1_100' title='bbox 212 1808 337 1866; x_wconf 85' lang='lat' dir='ltr'><strong>comites</strong></span> <span class='ocrx_word' id='word_1_101' title='bbox 360 1809 447 1884; x_wconf 90' lang='lat' dir='ltr'><strong>primi</strong></span> <span class='ocrx_word' id='word_1_102' title='bbox 471 1808 584 1867; x_wconf 89' lang='lat' dir='ltr'><strong>ordinis</strong></span> <span class='ocrx_word' id='word_1_103' title='bbox 605 1809 792 1867; x_wconf 89' lang='lat' dir='ltr'><strong>senatoribus</strong></span> <span class='ocrx_word' id='word_1_104' title='bbox 812 1810 1111 1886; x_wconf 86' lang='lat' dir='ltr'><strong>comprehendantur.</strong></span> <span class='ocrx_word' id='word_1_105' title='bbox 1145 1807 1296 1867; x_wconf 86' lang='lat' dir='ltr'><strong>Comitiva</strong></span> <span class='ocrx_word' id='word_1_106' title='bbox 1315 1819 1414 1866; x_wconf 88' lang='lat' dir='ltr'><strong>autem</strong></span> <span class='ocrx_word' id='word_1_107' title='bbox 1431 1806 1549 1867; x_wconf 87' lang='lat' dir='ltr'><strong>secundi</strong></span> 
     </span>
     <span class='ocr_line' id='line_1_14' title="bbox 212 1909 1548 1988; baseline 0.001 -22"><span class='ocrx_word' id='word_1_108' title='bbox 212 1911 350 1985; x_wconf 89' lang='lat' dir='ltr'><strong>tertiique</strong></span> <span class='ocrx_word' id='word_1_109' title='bbox 377 1911 490 1968; x_wconf 88' lang='lat' dir='ltr'><strong>ordinis</strong></span> <span class='ocrx_word' id='word_1_110' title='bbox 521 1911 559 1968; x_wconf 89' lang='lat' dir='ltr'><strong>ad</strong></span> <span class='ocrx_word' id='word_1_111' title='bbox 589 1929 734 1987; x_wconf 87' lang='lat' dir='ltr'><strong>quasnam</strong></span> <span class='ocrx_word' id='word_1_112' title='bbox 764 1912 1038 1971; x_wconf 88' lang='lat' dir='ltr'><strong>administrationes</strong></span> <span class='ocrx_word' id='word_1_113' title='bbox 1067 1913 1131 1970; x_wconf 91' lang='lat' dir='ltr'><strong>iure</strong></span> <span class='ocrx_word' id='word_1_114' title='bbox 1158 1911 1333 1988; x_wconf 85' lang='lat' dir='ltr'><strong>pertinuerit</strong></span> <span class='ocrx_word' id='word_1_115' title='bbox 1364 1912 1391 1968; x_wconf 92' lang='lat' dir='ltr'><strong>si</strong></span> <span class='ocrx_word' id='word_1_116' title='bbox 1421 1909 1548 1986; x_wconf 84' lang='lat' dir='ltr'><strong>quaeris,</strong></span> 
     </span>
     <span class='ocr_line' id='line_1_15' title="bbox 211 2012 1548 2090; baseline 0 -21"><span class='ocrx_word' id='word_1_117' title='bbox 211 2013 464 2088; x_wconf 84' lang='lat' dir='ltr'><strong>respondebimus</strong></span> <span class='ocrx_word' id='word_1_118' title='bbox 480 2014 642 2071; x_wconf 89' lang='lat' dir='ltr'><strong>secundum</strong></span> <span class='ocrx_word' id='word_1_119' title='bbox 665 2015 906 2072; x_wconf 88' lang='lat' dir='ltr'><strong>constitutionem</strong></span> <span class='ocrx_word' id='word_1_120' title='bbox 930 2034 956 2071; x_wconf 90' lang='lat' dir='ltr'><strong>a.</strong></span> <span class='ocrx_word' id='word_1_121' title='bbox 973 2015 1032 2073; x_wconf 83' lang='lat'><strong>397</strong></span> <span class='ocrx_word' id='word_1_122' title='bbox 1057 2012 1107 2090; x_wconf 88' lang='lat' dir='ltr'><strong>(O.</strong></span> <span class='ocrx_word' id='word_1_123' title='bbox 1123 2013 1182 2072; x_wconf 88' lang='lat' dir='ltr'><strong>Th.</strong></span> <span class='ocrx_word' id='word_1_124' title='bbox 1199 2012 1228 2085; x_wconf 87' lang='grc'><strong>6,</strong></span> <span class='ocrx_word' id='word_1_125' title='bbox 1247 2015 1295 2084; x_wconf 85' lang='grc'><strong>14,</strong></span> <span class='ocrx_word' id='word_1_126' title='bbox 1311 2012 1344 2087; x_wconf 79' lang='lat'><strong>2)</strong></span> <span class='ocrx_word' id='word_1_127' title='bbox 1368 2013 1449 2070; x_wconf 92' lang='lat' dir='ltr'><strong>inter</strong></span> <span class='ocrx_word' id='word_1_128' title='bbox 1463 2013 1548 2070; x_wconf 90' lang='lat' dir='ltr'><strong>comi·</strong></span> 
     </span>
     <span class='ocr_line' id='line_1_16' title="bbox 210 2113 1547 2192; baseline -0.001 -19"><span class='ocrx_word' id='word_1_129' title='bbox 210 2125 255 2173; x_wconf 89' lang='lat' dir='ltr'><strong>tes</strong></span> <span class='ocrx_word' id='word_1_130' title='bbox 278 2116 321 2173; x_wconf 90' lang='lat' dir='ltr'><strong>rei</strong></span> <span class='ocrx_word' id='word_1_131' title='bbox 344 2117 481 2173; x_wconf 88' lang='lat' dir='ltr'><strong>militaris</strong></span> <span class='ocrx_word' id='word_1_132' title='bbox 504 2116 600 2174; x_wconf 84' lang='lat' dir='ltr'><strong>fuisse</strong></span> <span class='ocrx_word' id='word_1_133' title='bbox 622 2117 718 2192; x_wconf 91' lang='lat' dir='ltr'><strong>primo</strong></span> <span class='ocrx_word' id='word_1_134' title='bbox 740 2117 844 2174; x_wconf 88' lang='lat' dir='ltr'><strong>ordine</strong></span> <span class='ocrx_word' id='word_1_135' title='bbox 866 2117 1038 2186; x_wconf 87' lang='lat' dir='ltr'><strong>inferiores,</strong></span> <span class='ocrx_word' id='word_1_136' title='bbox 1067 2116 1118 2192; x_wconf 93' lang='lat' dir='ltr'><strong>qui</strong></span> <span class='ocrx_word' id='word_1_137' title='bbox 1140 2124 1210 2174; x_wconf 90' lang='lat' dir='ltr'><strong>suut</strong></span> <span class='ocrx_word' id='word_1_138' title='bbox 1231 2115 1296 2173; x_wconf 89' lang='lat' dir='ltr'><strong>sine</strong></span> <span class='ocrx_word' id='word_1_139' title='bbox 1318 2113 1410 2172; x_wconf 88' lang='lat' dir='ltr'><strong>dubio</strong></span> <span class='ocrx_word' id='word_1_140' title='bbox 1440 2119 1547 2173; x_wconf 81' lang='lat' dir='ltr'><strong>comites</strong></span> 
     </span>
     <span class='ocr_line' id='line_1_17' title="bbox 209 2216 1546 2295; baseline 0.002 -22"><span class='ocrx_word' id='word_1_141' title='bbox 209 2221 330 2275; x_wconf 77' lang='lat' dir='ltr'><strong>errinores</strong></span> <span class='ocrx_word' id='word_1_142' title='bbox 355 2217 403 2292; x_wconf 87' lang='lat' dir='ltr'><strong>(C.</strong></span> <span class='ocrx_word' id='word_1_143' title='bbox 420 2218 476 2275; x_wconf 86' lang='lat' dir='ltr'><strong>Th.</strong></span> <span class='ocrx_word' id='word_1_144' title='bbox 495 2218 523 2288; x_wconf 83' lang='lat'><strong>7,</strong></span> <span class='ocrx_word' id='word_1_145' title='bbox 542 2220 589 2289; x_wconf 93' lang='grc'><strong>11,</strong></span> <span class='ocrx_word' id='word_1_146' title='bbox 608 2219 621 2274; x_wconf 91' lang='grc'><strong>1</strong></span> <span class='ocrx_word' id='word_1_147' title='bbox 646 2239 672 2276; x_wconf 88' lang='grc'>0.</span> <span class='ocrx_word' id='word_1_148' title='bbox 686 2218 761 2293; x_wconf 87' lang='grc'>406)</span> <span class='ocrx_word' id='word_1_149' title='bbox 786 2219 849 2277; x_wconf 85' lang='lat' dir='ltr'><strong>sive</strong></span> <span class='ocrx_word' id='word_1_150' title='bbox 873 2222 1020 2295; x_wconf 82' lang='lat' dir='ltr'><strong>inferiores</strong></span> <span class='ocrx_word' id='word_1_151' title='bbox 1043 2216 1093 2291; x_wconf 82' lang='lat'><strong>(0.</strong></span> <span class='ocrx_word' id='word_1_152' title='bbox 1109 2218 1167 2276; x_wconf 87' lang='lat' dir='ltr'><strong>Th.</strong></span> <span class='ocrx_word' id='word_1_153' title='bbox 1185 2218 1214 2288; x_wconf 85' lang='grc'>7,</span> <span class='ocrx_word' id='word_1_154' title='bbox 1233 2218 1280 2287; x_wconf 92' lang='grc'><strong>11,</strong></span> <span class='ocrx_word' id='word_1_155' title='bbox 1298 2216 1315 2273; x_wconf 71' lang='lat'><strong>2</strong></span> <span class='ocrx_word' id='word_1_156' title='bbox 1337 2236 1366 2274; x_wconf 89' lang='lat' dir='ltr'><strong>a.</strong></span> <span class='ocrx_word' id='word_1_157' title='bbox 1379 2216 1458 2292; x_wconf 84' lang='lat'>417)</span> <span class='ocrx_word' id='word_1_158' title='bbox 1485 2236 1546 2276; x_wconf 89' lang='lat' dir='ltr'><strong>cum</strong></span> 
     </span>
     <span class='ocr_line' id='line_1_18' title="bbox 211 2315 1546 2394; baseline 0.001 -18"><span class='ocrx_word' id='word_1_159' title='bbox 211 2320 336 2379; x_wconf 91' lang='lat' dir='ltr'><strong>tribunis</strong></span> <span class='ocrx_word' id='word_1_160' title='bbox 359 2320 445 2378; x_wconf 88' lang='lat' dir='ltr'><strong>simul</strong></span> <span class='ocrx_word' id='word_1_161' title='bbox 467 2315 660 2394; x_wconf 86' lang='lat' dir='ltr'><strong>nominati¹).</strong></span> <span class='ocrx_word' id='word_1_162' title='bbox 697 2320 859 2379; x_wconf 87' lang='lat' dir='ltr'><strong>Praeterea</strong></span> <span class='ocrx_word' id='word_1_163' title='bbox 880 2321 1026 2378; x_wconf 76' lang='lat' dir='ltr'><strong>comitibus</strong></span> <span class='ocrx_word' id='word_1_164' title='bbox 1048 2322 1166 2379; x_wconf 84' lang='lat' dir='ltr'><strong>secundi</strong></span> <span class='ocrx_word' id='word_1_165' title='bbox 1181 2321 1289 2378; x_wconf 82' lang='lat' dir='ltr'><strong>ordinis</strong></span> <span class='ocrx_word' id='word_1_166' title='bbox 1305 2318 1349 2377; x_wconf 80' lang='lat' dir='ltr'><strong>ecl</strong></span> <span class='ocrx_word' id='word_1_167' title='bbox 1363 2319 1546 2378; x_wconf 79' lang='lat' dir='ltr'><strong>cubiculariis</strong></span> 
     </span>
     <span class='ocr_line' id='line_1_19' title="bbox 210 2420 1544 2500; baseline -0.001 -21"><span class='ocrx_word' id='word_1_168' title='bbox 210 2441 275 2479; x_wconf 86' lang='lat' dir='ltr'><strong>curn</strong></span> <span class='ocrx_word' id='word_1_169' title='bbox 300 2424 449 2498; x_wconf 86' lang='lat' dir='ltr'><strong>quoddam</strong></span> <span class='ocrx_word' id='word_1_170' title='bbox 472 2423 661 2500; x_wconf 80' lang='lat' dir='ltr'><strong>privilegium</strong></span> <span class='ocrx_word' id='word_1_171' title='bbox 685 2423 831 2481; x_wconf 89' lang='lat' dir='ltr'><strong>tribuatur</strong></span> <span class='ocrx_word' id='word_1_172' title='bbox 854 2421 902 2496; x_wconf 87' lang='lat' dir='ltr'><strong>(C.</strong></span> <span class='ocrx_word' id='word_1_173' title='bbox 917 2423 976 2481; x_wconf 89' lang='lat' dir='ltr'><strong>Th.</strong></span> <span class='ocrx_word' id='word_1_174' title='bbox 993 2424 1021 2495; x_wconf 90' lang='grc'>6,</span> <span class='ocrx_word' id='word_1_175' title='bbox 1039 2423 1122 2493; x_wconf 71' lang='grc' dir='ltr'>ἳ7,8</span> <span class='ocrx_word' id='word_1_176' title='bbox 1146 2441 1172 2480; x_wconf 87' lang='grc'>0.</span> <span class='ocrx_word' id='word_1_177' title='bbox 1188 2422 1273 2498; x_wconf 87' lang='grc'>396),</span> <span class='ocrx_word' id='word_1_178' title='bbox 1294 2421 1358 2479; x_wconf 87' lang='lat' dir='ltr'><strong>iure</strong></span> <span class='ocrx_word' id='word_1_179' title='bbox 1380 2420 1452 2479; x_wconf 87' lang='lat' dir='ltr'><strong>inde</strong></span> <span class='ocrx_word' id='word_1_180' title='bbox 1467 2421 1544 2480; x_wconf 90' lang='lat' dir='ltr'><strong>colli·</strong></span> 
     </span>
     <span class='ocr_line' id='line_1_20' title="bbox 209 2523 1544 2601; baseline -0.002 -18"><span class='ocrx_word' id='word_1_181' title='bbox 209 2542 312 2601; x_wconf 84' lang='lat' dir='ltr'><strong>gemus</strong></span> <span class='ocrx_word' id='word_1_182' title='bbox 336 2545 400 2583; x_wconf 82' lang='lat' dir='ltr'><strong>earn</strong></span> <span class='ocrx_word' id='word_1_183' title='bbox 423 2525 593 2583; x_wconf 81' lang='lat' dir='ltr'><strong>comitivam</strong></span> <span class='ocrx_word' id='word_1_184' title='bbox 616 2526 806 2584; x_wconf 87' lang='lat' dir='ltr'><strong>cubiculariis</strong></span> <span class='ocrx_word' id='word_1_185' title='bbox 829 2526 965 2584; x_wconf 90' lang='lat' dir='ltr'><strong>omnibus</strong></span> <span class='ocrx_word' id='word_1_186' title='bbox 988 2543 1161 2584; x_wconf 86' lang='lat' dir='ltr'><strong>concessam</strong></span> <span class='ocrx_word' id='word_1_187' title='bbox 1184 2542 1260 2583; x_wconf 88' lang='lat' dir='ltr'><strong>esse.</strong></span> <span class='ocrx_word' id='word_1_188' title='bbox 1301 2523 1378 2581; x_wconf 92' lang='lat' dir='ltr'><strong>Item</strong></span> <span class='ocrx_word' id='word_1_189' title='bbox 1397 2524 1544 2601; x_wconf 84' lang='lat' dir='ltr'><strong>proximis</strong></span> 
     </span>
     <span class='ocr_line' id='line_1_21' title="bbox 209 2624 1543 2703; baseline 0.001 -19"><span class='ocrx_word' id='word_1_190' title='bbox 209 2627 385 2685; x_wconf 88' lang='lat' dir='ltr'><strong>scriniorum</strong></span> <span class='ocrx_word' id='word_1_191' title='bbox 409 2627 474 2703; x_wconf 86' lang='lat' dir='ltr'><strong>lege</strong></span> <span class='ocrx_word' id='word_1_192' title='bbox 498 2646 524 2686; x_wconf 91' lang='lat' dir='ltr'><strong>a.</strong></span> <span class='ocrx_word' id='word_1_193' title='bbox 538 2628 598 2685; x_wconf 88' lang='grc'><strong>416</strong></span> <span class='ocrx_word' id='word_1_194' title='bbox 623 2626 670 2703; x_wconf 86' lang='lat' dir='ltr'><strong>(C.</strong></span> <span class='ocrx_word' id='word_1_195' title='bbox 688 2627 746 2686; x_wconf 86' lang='lat' dir='ltr'><strong>Th.</strong></span> <span class='ocrx_word' id='word_1_196' title='bbox 765 2626 859 2699; x_wconf 69' lang='grc'>616,</span> <span class='ocrx_word' id='word_1_197' title='bbox 878 2628 938 2702; x_wconf 92' lang='grc'>17),</span> <span class='ocrx_word' id='word_1_198' title='bbox 961 2646 1027 2685; x_wconf 92' lang='lat' dir='ltr'><strong>cum</strong></span> <span class='ocrx_word' id='word_1_199' title='bbox 1047 2635 1135 2686; x_wconf 91' lang='lat' dir='ltr'><strong>antea</strong></span> <span class='ocrx_word' id='word_1_200' title='bbox 1149 2628 1254 2685; x_wconf 88' lang='lat' dir='ltr'><strong>tertiae</strong></span> <span class='ocrx_word' id='word_1_201' title='bbox 1276 2624 1440 2684; x_wconf 86' lang='lat' dir='ltr'><strong>comitivae</strong></span> <span class='ocrx_word' id='word_1_202' title='bbox 1454 2626 1543 2703; x_wconf 64' lang='grc'>310110</span> 
     </span>
     <span class='ocr_line' id='line_1_22' title="bbox 209 2728 1542 2805; baseline -0.002 -17"><span class='ocrx_word' id='word_1_203' title='bbox 209 2739 326 2801; x_wconf 88' lang='lat' dir='ltr'><strong>essent,</strong></span> <span class='ocrx_word' id='word_1_204' title='bbox 354 2730 476 2787; x_wconf 87' lang='lat' dir='ltr'><strong>secundi</strong></span> <span class='ocrx_word' id='word_1_205' title='bbox 500 2731 612 2789; x_wconf 91' lang='lat' dir='ltr'><strong>ordinis</strong></span> <span class='ocrx_word' id='word_1_206' title='bbox 635 2730 765 2788; x_wconf 89' lang='lat' dir='ltr'><strong>codicilli</strong></span> <span class='ocrx_word' id='word_1_207' title='bbox 787 2731 921 2788; x_wconf 90' lang='lat' dir='ltr'><strong>concessi</strong></span> <span class='ocrx_word' id='word_1_208' title='bbox 946 2739 1030 2799; x_wconf 91' lang='lat' dir='ltr'><strong>sunt,</strong></span> <span class='ocrx_word' id='word_1_209' title='bbox 1059 2728 1187 2805; x_wconf 90' lang='lat' dir='ltr'><strong>indeque</strong></span> <span class='ocrx_word' id='word_1_210' title='bbox 1210 2728 1309 2787; x_wconf 92' lang='lat' dir='ltr'><strong>ethis</strong></span> <span class='ocrx_word' id='word_1_211' title='bbox 1331 2735 1362 2785; x_wconf 90' lang='lat' dir='ltr'><strong>et</strong></span> <span class='ocrx_word' id='word_1_212' title='bbox 1388 2728 1542 2786; x_wconf 85' lang='lat' dir='ltr'><strong>comitibus</strong></span> 
     </span>
     <span class='ocr_line' id='line_1_23' title="bbox 207 2829 1541 2909; baseline -0.002 -18"><span class='ocrx_word' id='word_1_213' title='bbox 207 2832 437 2908; x_wconf 89' lang='lat' dir='ltr'><strong>dispositionum</strong></span> <span class='ocrx_word' id='word_1_214' title='bbox 467 2852 521 2909; x_wconf 89' lang='lat' dir='ltr'><strong>pro</strong></span> <span class='ocrx_word' id='word_1_215' title='bbox 550 2851 626 2891; x_wconf 86' lang='lat' dir='ltr'><strong>novo</strong></span> <span class='ocrx_word' id='word_1_216' title='bbox 653 2832 746 2908; x_wconf 85' lang='lat' dir='ltr'><strong>gradu</strong></span> <span class='ocrx_word' id='word_1_217' title='bbox 778 2833 869 2890; x_wconf 86' lang='lat' dir='ltr'><strong>vestis</strong></span> <span class='ocrx_word' id='word_1_218' title='bbox 897 2832 1041 2889; x_wconf 90' lang='lat' dir='ltr'><strong>attributa</strong></span> <span class='ocrx_word' id='word_1_219' title='bbox 1067 2830 1117 2905; x_wconf 86' lang='lat' dir='ltr'><strong>(G.</strong></span> <span class='ocrx_word' id='word_1_220' title='bbox 1133 2831 1190 2889; x_wconf 90' lang='lat' dir='ltr'><strong>Th.</strong></span> <span class='ocrx_word' id='word_1_221' title='bbox 1215 2830 1243 2902; x_wconf 89' lang='lat'><strong>6,</strong></span> <span class='ocrx_word' id='word_1_222' title='bbox 1267 2829 1322 2901; x_wconf 74' lang='lat'><strong>26,</strong></span> <span class='ocrx_word' id='word_1_223' title='bbox 1348 2830 1386 2887; x_wconf 87' lang='lat'><strong>18</strong></span> <span class='ocrx_word' id='word_1_224' title='bbox 1412 2849 1441 2889; x_wconf 86' lang='lat' dir='ltr'><strong>a.</strong></span> <span class='ocrx_word' id='word_1_225' title='bbox 1458 2829 1541 2905; x_wconf 80' lang='lat'><strong>426).</strong></span> 
     </span>
     <span class='ocr_line' id='line_1_24' title="bbox 207 2932 1541 3010; baseline -0.002 -19"><span class='ocrx_word' id='word_1_226' title='bbox 207 2935 242 2991; x_wconf 94' lang='lat' dir='ltr'><strong>In</strong></span> <span class='ocrx_word' id='word_1_227' title='bbox 266 2937 435 2993; x_wconf 84' lang='lat' dir='ltr'><strong>universum</strong></span> <span class='ocrx_word' id='word_1_228' title='bbox 459 2935 584 3010; x_wconf 89' lang='lat' dir='ltr'><strong>denique</strong></span> <span class='ocrx_word' id='word_1_229' title='bbox 607 2936 636 2992; x_wconf 91' lang='lat' dir='ltr'><strong>in</strong></span> <span class='ocrx_word' id='word_1_230' title='bbox 660 2935 724 3010; x_wconf 80' lang='lat' dir='ltr'><strong>lege</strong></span> <span class='ocrx_word' id='word_1_231' title='bbox 746 2954 772 2992; x_wconf 90' lang='lat' dir='ltr'><strong>a.</strong></span> <span class='ocrx_word' id='word_1_232' title='bbox 789 2932 888 3009; x_wconf 76' lang='lat'>412²)</span> <span class='ocrx_word' id='word_1_233' title='bbox 911 2934 1072 3005; x_wconf 90' lang='lat' dir='ltr'><strong>intereos,</strong></span> <span class='ocrx_word' id='word_1_234' title='bbox 1095 2935 1148 3009; x_wconf 92' lang='lat' dir='ltr'><strong>qui</strong></span> <span class='ocrx_word' id='word_1_235' title='bbox 1169 2954 1187 2991; x_wconf 91' lang='lat' dir='ltr'><strong>a</strong></span> <span class='ocrx_word' id='word_1_236' title='bbox 1208 2933 1336 2990; x_wconf 91' lang='lat' dir='ltr'><strong>tironum</strong></span> <span class='ocrx_word' id='word_1_237' title='bbox 1360 2932 1541 3008; x_wconf 88' lang='lat' dir='ltr'><strong>praebitione</strong></span> 
     </span>
     <span class='ocr_line' id='line_1_25' title="bbox 207 3033 1540 3111; baseline -0.003 -16"><span class='ocrx_word' id='word_1_238' title='bbox 207 3047 404 3108; x_wconf 83' lang='lat' dir='ltr'><strong>excusantur,</strong></span> <span class='ocrx_word' id='word_1_239' title='bbox 437 3045 630 3096; x_wconf 90' lang='lat' dir='ltr'><strong>recensentur</strong></span> <span class='ocrx_word' id='word_1_240' title='bbox 659 3046 728 3111; x_wconf 91' lang='lat' dir='ltr'><strong>post</strong></span> <span class='ocrx_word' id='word_1_241' title='bbox 757 3037 886 3094; x_wconf 83' lang='lat' dir='ltr'><strong>honores</strong></span> <span class='ocrx_word' id='word_1_242' title='bbox 916 3036 1044 3094; x_wconf 91' lang='lat' dir='ltr'><strong>maiores</strong></span> <span class='ocrx_word' id='word_1_243' title='bbox 1079 3035 1206 3110; x_wconf 89' lang='lat' dir='ltr'><strong>proximi</strong></span> <span class='ocrx_word' id='word_1_244' title='bbox 1240 3034 1421 3092; x_wconf 90' lang='lat' dir='ltr'><strong>scriniorum</strong></span> <span class='ocrx_word' id='word_1_245' title='bbox 1456 3033 1540 3110; x_wconf 86' lang='lat' dir='ltr'><strong>(quos</strong></span> 
     </span>
     <span class='ocr_line' id='line_1_26' title="bbox 207 3136 1539 3216; baseline -0.002 -19"><span class='ocrx_word' id='word_1_246' title='bbox 207 3140 294 3198; x_wconf 91' lang='lat' dir='ltr'><strong>modo</strong></span> <span class='ocrx_word' id='word_1_247' title='bbox 311 3141 439 3198; x_wconf 87' lang='lat' dir='ltr'><strong>vidimus</strong></span> <span class='ocrx_word' id='word_1_248' title='bbox 455 3159 489 3197; x_wconf 93' lang='lat' dir='ltr'><strong>eo</strong></span> <span class='ocrx_word' id='word_1_249' title='bbox 505 3151 637 3214; x_wconf 88' lang='lat' dir='ltr'><strong>temporo</strong></span> <span class='ocrx_word' id='word_1_250' title='bbox 653 3139 821 3197; x_wconf 80' lang='lat' dir='ltr'><strong>comitivam</strong></span> <span class='ocrx_word' id='word_1_251' title='bbox 838 3139 916 3197; x_wconf 90' lang='lat' dir='ltr'><strong>tertii</strong></span> <span class='ocrx_word' id='word_1_252' title='bbox 932 3138 1042 3216; x_wconf 87' lang='lat' dir='ltr'><strong>gradus</strong></span> <span class='ocrx_word' id='word_1_253' title='bbox 1057 3136 1210 3213; x_wconf 92' lang='lat' dir='ltr'><strong>habuisse)</strong></span> <span class='ocrx_word' id='word_1_254' title='bbox 1232 3146 1262 3195; x_wconf 87' lang='lat' dir='ltr'><strong>et</strong></span> <span class='ocrx_word' id='word_1_255' title='bbox 1277 3136 1397 3208; x_wconf 85' lang='lat' dir='ltr'><strong>scrinia,</strong></span> <span class='ocrx_word' id='word_1_256' title='bbox 1420 3137 1539 3195; x_wconf 84' lang='lat' dir='ltr'><strong>comites</strong></span> 
     </span>
     <span class='ocr_line' id='line_1_27' title="bbox 206 3240 1537 3318; baseline -0.002 -20"><span class='ocrx_word' id='word_1_257' title='bbox 206 3242 453 3318; x_wconf 90' lang='lat' dir='ltr'><strong>dispositionum,</strong></span> <span class='ocrx_word' id='word_1_258' title='bbox 481 3242 655 3300; x_wconf 86' lang='lat' dir='ltr'><strong>decuriones</strong></span> <span class='ocrx_word' id='word_1_259' title='bbox 684 3241 813 3317; x_wconf 78' lang='lat' dir='ltr'><strong>(arilici),</strong></span> <span class='ocrx_word' id='word_1_260' title='bbox 840 3241 984 3316; x_wconf 84' lang='lat' dir='ltr'><strong>magister</strong></span> <span class='ocrx_word' id='word_1_261' title='bbox 1009 3241 1224 3300; x_wconf 86' lang='lat' dir='ltr'><strong>admissionum</strong></span> <span class='ocrx_word' id='word_1_262' title='bbox 1251 3247 1279 3296; x_wconf 87' lang='lat' dir='ltr'><strong>et</strong></span> <span class='ocrx_word' id='word_1_263' title='bbox 1302 3250 1410 3297; x_wconf 82' lang='lat' dir='ltr'><strong>ceteras</strong></span> <span class='ocrx_word' id='word_1_264' title='bbox 1437 3240 1537 3297; x_wconf 81' lang='lat' dir='ltr'><strong>similes</strong></span> 
     </span>
     <span class='ocr_line' id='line_1_28' title="bbox 205 3340 1537 3419; baseline -0.002 -18"><span class='ocrx_word' id='word_1_265' title='bbox 205 3348 334 3402; x_wconf 77' lang='lat' dir='ltr'><strong>corruitura</strong></span> <span class='ocrx_word' id='word_1_266' title='bbox 357 3345 500 3403; x_wconf 80' lang='lat' dir='ltr'><strong>laboribus</strong></span> <span class='ocrx_word' id='word_1_267' title='bbox 520 3347 625 3402; x_wconf 88' lang='lat' dir='ltr'><strong>nostris</strong></span> <span class='ocrx_word' id='word_1_268' title='bbox 648 3348 742 3402; x_wconf 75' lang='grc'>000100</span> <span class='ocrx_word' id='word_1_269' title='bbox 763 3345 924 3419; x_wconf 67' lang='lat' dir='ltr'><strong>differitatem</strong></span> <span class='ocrx_word' id='word_1_270' title='bbox 961 3342 1045 3401; x_wconf 87' lang='lat' dir='ltr'><strong>Haec</strong></span> <span class='ocrx_word' id='word_1_271' title='bbox 1067 3361 1248 3417; x_wconf 88' lang='lat' dir='ltr'><strong>quamquam</strong></span> <span class='ocrx_word' id='word_1_272' title='bbox 1272 3342 1310 3401; x_wconf 89' lang='lat' dir='ltr'><strong>ad</strong></span> <span class='ocrx_word' id='word_1_273' title='bbox 1328 3340 1440 3400; x_wconf 90' lang='lat' dir='ltr'><strong>Iuliani</strong></span> <span class='ocrx_word' id='word_1_274' title='bbox 1462 3350 1537 3400; x_wconf 89' lang='lat' dir='ltr'><strong>aets-</strong></span> 
     </span>
     <span class='ocr_line' id='line_1_29' title="bbox 205 3443 1535 3523; baseline -0.003 -19"><span class='ocrx_word' id='word_1_275' title='bbox 205 3456 264 3504; x_wconf 89' lang='lat' dir='ltr'><strong>tem</strong></span> <span class='ocrx_word' id='word_1_276' title='bbox 286 3467 346 3504; x_wconf 94' lang='lat' dir='ltr'><strong>non</strong></span> <span class='ocrx_word' id='word_1_277' title='bbox 370 3448 470 3505; x_wconf 87' lang='lat' dir='ltr'><strong>omnia</strong></span> <span class='ocrx_word' id='word_1_278' title='bbox 492 3447 677 3523; x_wconf 87' lang='lat' dir='ltr'><strong>perveniunt,</strong></span> <span class='ocrx_word' id='word_1_279' title='bbox 700 3447 773 3504; x_wconf 90' lang='lat' dir='ltr'><strong>satis</strong></span> <span class='ocrx_word' id='word_1_280' title='bbox 796 3445 960 3516; x_wconf 89' lang='lat' dir='ltr'><strong>declarant,</strong></span> <span class='ocrx_word' id='word_1_281' title='bbox 983 3446 1195 3521; x_wconf 88' lang='lat' dir='ltr'><strong>aquibusnam</strong></span> <span class='ocrx_word' id='word_1_282' title='bbox 1211 3444 1371 3503; x_wconf 90' lang='lat' dir='ltr'><strong>comitibus</strong></span> <span class='ocrx_word' id='word_1_283' title='bbox 1384 3443 1535 3503; x_wconf 86' lang='lat' dir='ltr'><strong>Mariscia·</strong></span> 
     </span>
     <span class='ocr_line' id='line_1_30' title="bbox 204 3548 946 3607; baseline 0 -2"><span class='ocrx_word' id='word_1_284' title='bbox 204 3566 260 3607; x_wconf 92' lang='lat' dir='ltr'><strong>nus</strong></span> <span class='ocrx_word' id='word_1_285' title='bbox 284 3568 342 3607; x_wconf 90' lang='lat' dir='ltr'><strong>una</strong></span> <span class='ocrx_word' id='word_1_286' title='bbox 365 3568 429 3606; x_wconf 90' lang='lat' dir='ltr'><strong>cum</strong></span> <span class='ocrx_word' id='word_1_287' title='bbox 453 3550 642 3607; x_wconf 88' lang='lat' dir='ltr'><strong>senatoribus</strong></span> <span class='ocrx_word' id='word_1_288' title='bbox 665 3549 790 3607; x_wconf 90' lang='lat' dir='ltr'><strong>salutari</strong></span> <span class='ocrx_word' id='word_1_289' title='bbox 812 3548 946 3605; x_wconf 85' lang='lat' dir='ltr'><strong>voluerit.</strong></span> 
     </span>
    </p>

    <p class='ocr_par' dir='ltr' id='par_1_5' title="bbox 200 3647 1534 4339">
     <span class='ocr_line' id='line_1_31' title="bbox 246 3647 1533 3727; baseline -0.004 -17"><span class='ocrx_word' id='word_1_290' title='bbox 246 3648 418 3726; x_wconf 88' lang='lat' dir='ltr'><strong>Sequuntur</strong></span> <span class='ocrx_word' id='word_1_291' title='bbox 439 3672 471 3709; x_wconf 82' lang='lat' dir='ltr'><strong>er</strong></span> <span class='ocrx_word' id='word_1_292' title='bbox 494 3652 638 3711; x_wconf 75' lang='lat' dir='ltr'><strong>corruitibus</strong></span> <span class='ocrx_word' id='word_1_293' title='bbox 660 3653 711 3727; x_wconf 70' lang='lat' dir='ltr'><strong>(qui</strong></span> <span class='ocrx_word' id='word_1_294' title='bbox 734 3652 870 3708; x_wconf 88' lang='lat' dir='ltr'><strong>dicuntur</strong></span> <span class='ocrx_word' id='word_1_295' title='bbox 892 3650 954 3709; x_wconf 81' lang='lat' dir='ltr'><strong>sive</strong></span> <span class='ocrx_word' id='word_1_296' title='bbox 976 3651 1099 3709; x_wconf 86' lang='lat' dir='ltr'><strong>comites</strong></span> <span class='ocrx_word' id='word_1_297' title='bbox 1114 3649 1276 3708; x_wconf 90' lang='lat' dir='ltr'><strong>honorarii.</strong></span> <span class='ocrx_word' id='word_1_298' title='bbox 1313 3647 1362 3707; x_wconf 91' lang='lat' dir='ltr'><strong>Ita</strong></span> <span class='ocrx_word' id='word_1_299' title='bbox 1376 3648 1533 3708; x_wconf 89' lang='lat' dir='ltr'><strong>secundum</strong></span> 
     </span>
     <span class='ocr_line' id='line_1_32' title="bbox 203 3740 1534 3830; baseline -0.002 -22"><span class='ocrx_word' id='word_1_300' title='bbox 203 3752 299 3830; x_wconf 83' lang='lat' dir='ltr'><strong>legent</strong></span> <span class='ocrx_word' id='word_1_301' title='bbox 322 3773 348 3811; x_wconf 89' lang='lat' dir='ltr'><strong>a.</strong></span> <span class='ocrx_word' id='word_1_302' title='bbox 367 3754 423 3811; x_wconf 91' lang='grc'><strong>371</strong></span> <span class='ocrx_word' id='word_1_303' title='bbox 450 3752 499 3827; x_wconf 80' lang='lat' dir='ltr'><strong>(C.</strong></span> <span class='ocrx_word' id='word_1_304' title='bbox 517 3754 573 3811; x_wconf 90' lang='lat' dir='ltr'><strong>Th.</strong></span> <span class='ocrx_word' id='word_1_305' title='bbox 593 3752 640 3823; x_wconf 79' lang='lat' dir='ltr'><strong>lt,</strong></span> <span class='ocrx_word' id='word_1_306' title='bbox 660 3754 685 3823; x_wconf 92' lang='grc'><strong>1,</strong></span> <span class='ocrx_word' id='word_1_307' title='bbox 702 3753 766 3826; x_wconf 80' lang='grc'>75),</span> <span class='ocrx_word' id='word_1_308' title='bbox 788 3753 856 3810; x_wconf 93' lang='lat' dir='ltr'><strong>huic</strong></span> <span class='ocrx_word' id='word_1_309' title='bbox 880 3740 968 3830; x_wconf 76' lang='lat' dir='ltr'><strong>igitur</strong></span> <span class='ocrx_word' id='word_1_310' title='bbox 990 3753 1109 3811; x_wconf 90' lang='lat' dir='ltr'><strong>decreto</strong></span> <span class='ocrx_word' id='word_1_311' title='bbox 1125 3753 1185 3810; x_wconf 82' lang='lat' dir='ltr'><strong>fere</strong></span> <span class='ocrx_word' id='word_1_312' title='bbox 1202 3750 1368 3828; x_wconf 91' lang='lat' dir='ltr'><strong>aequalem,</strong></span> <span class='ocrx_word' id='word_1_313' title='bbox 1391 3750 1534 3810; x_wconf 87' lang='lat' dir='ltr'><strong>sacerdoti</strong></span> 
     </span>
     <span class='ocr_line' id='line_1_33' title="bbox 204 3852 1531 3933; baseline -0.004 -21"><span class='ocrx_word' id='word_1_314' title='bbox 204 3856 374 3930; x_wconf 86' lang='lat' dir='ltr'><strong>provinciae</strong></span> <span class='ocrx_word' id='word_1_315' title='bbox 396 3865 426 3913; x_wconf 88' lang='lat' dir='ltr'><strong>et</strong></span> <span class='ocrx_word' id='word_1_316' title='bbox 447 3855 607 3933; x_wconf 87' lang='lat' dir='ltr'><strong>principali</strong></span> <span class='ocrx_word' id='word_1_317' title='bbox 630 3855 728 3913; x_wconf 86' lang='lat' dir='ltr'><strong>curiae</strong></span> <span class='ocrx_word' id='word_1_318' title='bbox 751 3855 922 3912; x_wconf 89' lang='lat' dir='ltr'><strong>muneribus</strong></span> <span class='ocrx_word' id='word_1_319' title='bbox 945 3856 1095 3929; x_wconf 88' lang='lat' dir='ltr'><strong>expeditis</strong></span> <span class='ocrx_word' id='word_1_320' title='bbox 1122 3856 1212 3913; x_wconf 79' lang='lat' dir='ltr'><strong>iratior</strong></span> <span class='ocrx_word' id='word_1_321' title='bbox 1233 3874 1266 3912; x_wconf 76' lang='lat' dir='ltr'><strong>er</strong></span> <span class='ocrx_word' id='word_1_322' title='bbox 1288 3853 1435 3912; x_wconf 83' lang='lat' dir='ltr'><strong>comitibus</strong></span> <span class='ocrx_word' id='word_1_323' title='bbox 1457 3852 1531 3911; x_wconf 91' lang='lat' dir='ltr'><strong>addi·</strong></span> 
     </span>
     <span class='ocr_line' id='line_1_34' title="bbox 201 3956 1531 4034; baseline -0.004 -20"><span class='ocrx_word' id='word_1_324' title='bbox 201 3965 262 4029; x_wconf 88' lang='lat' dir='ltr'><strong>tur,</strong></span> <span class='ocrx_word' id='word_1_325' title='bbox 292 3978 370 4034; x_wconf 77' lang='lat' dir='ltr'><strong>prtem</strong></span> <span class='ocrx_word' id='word_1_326' title='bbox 394 3962 416 4015; x_wconf 88' lang='lat' dir='ltr'><strong>ii</strong></span> <span class='ocrx_word' id='word_1_327' title='bbox 437 3961 568 4033; x_wconf 84' lang='lat' dir='ltr'><strong>consequi</strong></span> <span class='ocrx_word' id='word_1_328' title='bbox 590 3956 679 4014; x_wconf 84' lang='lat' dir='ltr'><strong>solent</strong></span> <span class='ocrx_word' id='word_1_329' title='bbox 701 3960 751 4032; x_wconf 86' lang='lat' dir='ltr'><strong>qui</strong></span> <span class='ocrx_word' id='word_1_330' title='bbox 765 3958 851 4031; x_wconf 83' lang='lat' dir='ltr'><strong>fidem</strong></span> <span class='ocrx_word' id='word_1_331' title='bbox 877 3956 1106 4031; x_wconf 78' lang='lat' dir='ltr'><strong>dilipentionrquc</strong></span> <span class='ocrx_word' id='word_1_332' title='bbox 1132 3975 1214 4014; x_wconf 79' lang='lat' dir='ltr'><strong>seram</strong></span> <span class='ocrx_word' id='word_1_333' title='bbox 1239 3960 1270 4013; x_wconf 89' lang='lat' dir='ltr'><strong>in</strong></span> <span class='ocrx_word' id='word_1_334' title='bbox 1295 3956 1531 4013; x_wconf 75' lang='lat' dir='ltr'><strong>administrandis</strong></span> 
     </span>
     <span class='ocr_line' id='line_1_35' title="bbox 200 4057 1531 4135; baseline -0.002 -21"><span class='ocrx_word' id='word_1_335' title='bbox 200 4060 283 4118; x_wconf 86' lang='lat' dir='ltr'><strong>rebus</strong></span> <span class='ocrx_word' id='word_1_336' title='bbox 301 4061 426 4134; x_wconf 84' lang='lat' dir='ltr'><strong>publicis</strong></span> <span class='ocrx_word' id='word_1_337' title='bbox 449 4059 647 4135; x_wconf 80' lang='lat' dir='ltr'><strong>approbarint.</strong></span> <span class='ocrx_word' id='word_1_338' title='bbox 697 4058 792 4115; x_wconf 89' lang='lat' dir='ltr'><strong>Tcrtii</strong></span> <span class='ocrx_word' id='word_1_339' title='bbox 819 4058 929 4134; x_wconf 84' lang='lat' dir='ltr'><strong>gradus</strong></span> <span class='ocrx_word' id='word_1_340' title='bbox 957 4059 1125 4116; x_wconf 85' lang='lat' dir='ltr'><strong>comitivam</strong></span> <span class='ocrx_word' id='word_1_341' title='bbox 1154 4057 1287 4132; x_wconf 81' lang='lat' dir='ltr'><strong>intellegi</strong></span> <span class='ocrx_word' id='word_1_342' title='bbox 1315 4066 1346 4114; x_wconf 91' lang='lat' dir='ltr'><strong>ut</strong></span> <span class='ocrx_word' id='word_1_343' title='bbox 1374 4057 1442 4133; x_wconf 87' lang='lat' dir='ltr'><strong>ipsa</strong></span> <span class='ocrx_word' id='word_1_344' title='bbox 1467 4074 1531 4114; x_wconf 90' lang='lat' dir='ltr'><strong>con·</strong></span> 
     </span>
     <span class='ocr_line' id='line_1_36' title="bbox 201 4159 1530 4236; baseline -0.004 -18"><span class='ocrx_word' id='word_1_345' title='bbox 201 4161 314 4219; x_wconf 86' lang='lat' dir='ltr'><strong>stitutio</strong></span> <span class='ocrx_word' id='word_1_346' title='bbox 347 4162 497 4236; x_wconf 81' lang='lat' dir='ltr'><strong>significat</strong></span> <span class='ocrx_word' id='word_1_347' title='bbox 529 4160 623 4236; x_wconf 82' lang='lat' dir='ltr'><strong>gradu</strong></span> <span class='ocrx_word' id='word_1_348' title='bbox 651 4179 711 4218; x_wconf 92' lang='lat' dir='ltr'><strong>non</strong></span> <span class='ocrx_word' id='word_1_349' title='bbox 739 4160 870 4230; x_wconf 89' lang='lat' dir='ltr'><strong>adiecto,</strong></span> <span class='ocrx_word' id='word_1_350' title='bbox 902 4159 945 4218; x_wconf 91' lang='lat' dir='ltr'><strong>ita</strong></span> <span class='ocrx_word' id='word_1_351' title='bbox 971 4160 1030 4218; x_wconf 90' lang='lat' dir='ltr'><strong>alia</strong></span> <span class='ocrx_word' id='word_1_352' title='bbox 1056 4160 1202 4218; x_wconf 88' lang='lat' dir='ltr'><strong>enuntiat:</strong></span> <span class='ocrx_word' id='word_1_353' title='bbox 1236 4162 1406 4235; x_wconf 76' lang='lat' dir='ltr'><strong>quicumque</strong></span> <span class='ocrx_word' id='word_1_354' title='bbox 1439 4160 1530 4217; x_wconf 81' lang='lat' dir='ltr'><strong>dectu-</strong></span> 
     </span>
     <span class='ocr_line' id='line_1_37' title="bbox 200 4261 1530 4339; baseline -0.005 -18"><span class='ocrx_word' id='word_1_355' title='bbox 200 4266 241 4321; x_wconf 87' lang='lat' dir='ltr'><strong>sia</strong></span> <span class='ocrx_word' id='word_1_356' title='bbox 364 4265 465 4338; x_wconf 74' lang='lat' dir='ltr'><strong>officiis</strong></span> <span class='ocrx_word' id='word_1_357' title='bbox 488 4267 614 4339; x_wconf 87' lang='lat' dir='ltr'><strong>primum</strong></span> <span class='ocrx_word' id='word_1_358' title='bbox 643 4264 790 4321; x_wconf 85' lang='lat' dir='ltr'><strong>obtinuerit</strong></span> <span class='ocrx_word' id='word_1_359' title='bbox 817 4266 846 4320; x_wconf 87' lang='lat' dir='ltr'><strong>iu</strong></span> <span class='ocrx_word' id='word_1_360' title='bbox 876 4282 930 4320; x_wconf 84' lang='lat' dir='ltr'><strong>sua</strong></span> <span class='ocrx_word' id='word_1_361' title='bbox 956 4267 1038 4321; x_wconf 89' lang='lat' dir='ltr'><strong>curia</strong></span> <span class='ocrx_word' id='word_1_362' title='bbox 1153 4264 1258 4335; x_wconf 81' lang='lat' dir='ltr'><strong>locum,</strong></span> <span class='ocrx_word' id='word_1_363' title='bbox 1285 4264 1433 4320; x_wconf 79' lang='lat' dir='ltr'><strong>comitivos</strong></span> <span class='ocrx_word' id='word_1_364' title='bbox 1460 4261 1530 4320; x_wconf 81' lang='lat' dir='ltr'><strong>tertii</strong></span> 
     </span>
    </p>
   </div>
   <div class='ocr_carea' id='block_1_3' title="bbox 199 4427 403 4436">
    <p class='ocr_par' dir='ltr' id='par_1_6' title="bbox 199 4427 403 4436">
     <span class='ocr_line' id='line_1_38' title="bbox 199 4427 403 4436; baseline 0.005 -1"><span class='ocrx_word' id='word_1_365' title='bbox 199 4427 403 4436; x_wconf 73' lang='lat'><strong>———-—-</strong></span> 
     </span>
    </p>
   </div>
   <div class='ocr_carea' id='block_1_4' title="bbox 195 4551 1526 4900">
    <p class='ocr_par' dir='ltr' id='par_1_7' title="bbox 195 4551 1526 4900">
     <span class='ocr_line' id='line_1_39' title="bbox 257 4551 1526 4621; baseline -0.004 -16"><span class='ocrx_word' id='word_1_366' title='bbox 257 4551 280 4615; x_wconf 83' lang='lat'><strong>¹)</strong></span> <span class='ocrx_word' id='word_1_367' title='bbox 300 4556 386 4605; x_wconf 81' lang='lat' dir='ltr'><strong>Etiam</strong></span> <span class='ocrx_word' id='word_1_368' title='bbox 406 4557 432 4606; x_wconf 92' lang='lat' dir='ltr'><strong>iu</strong></span> <span class='ocrx_word' id='word_1_369' title='bbox 452 4571 530 4621; x_wconf 79' lang='lat' dir='ltr'><strong>regno</strong></span> <span class='ocrx_word' id='word_1_370' title='bbox 551 4557 704 4607; x_wconf 82' lang='lat' dir='ltr'><strong>Theoderici</strong></span> <span class='ocrx_word' id='word_1_371' title='bbox 729 4557 772 4621; x_wconf 90' lang='lat' dir='ltr'><strong>qui</strong></span> <span class='ocrx_word' id='word_1_372' title='bbox 796 4556 902 4621; x_wconf 78' lang='lat' dir='ltr'><strong>singulis</strong></span> <span class='ocrx_word' id='word_1_373' title='bbox 925 4555 1070 4606; x_wconf 82' lang='lat' dir='ltr'><strong>civitatibus</strong></span> <span class='ocrx_word' id='word_1_374' title='bbox 1093 4559 1299 4620; x_wconf 88' lang='lat' dir='ltr'><strong>praeponuntur,</strong></span> <span class='ocrx_word' id='word_1_375' title='bbox 1323 4553 1472 4605; x_wconf 86' lang='lat' dir='ltr'><strong>comitivam</strong></span> <span class='ocrx_word' id='word_1_376' title='bbox 1493 4566 1526 4603; x_wconf 87' lang='lat' dir='ltr'><strong>se·</strong></span> 
     </span>
     <span class='ocr_line' id='line_1_40' title="bbox 197 4642 1526 4715; baseline -0.002 -18"><span class='ocrx_word' id='word_1_377' title='bbox 197 4647 274 4697; x_wconf 89' lang='lat' dir='ltr'><strong>cundi</strong></span> <span class='ocrx_word' id='word_1_378' title='bbox 294 4649 391 4699; x_wconf 84' lang='lat' dir='ltr'><strong>ordinis</strong></span> <span class='ocrx_word' id='word_1_379' title='bbox 410 4651 537 4715; x_wconf 82' lang='lat' dir='ltr'><strong>accipiunt</strong></span> <span class='ocrx_word' id='word_1_380' title='bbox 555 4649 744 4711; x_wconf 67' lang='lat' dir='ltr'><strong>(Cassiodorius</strong></span> <span class='ocrx_word' id='word_1_381' title='bbox 757 4664 810 4699; x_wconf 84' lang='lat' dir='ltr'><strong>var.</strong></span> <span class='ocrx_word' id='word_1_382' title='bbox 826 4652 850 4711; x_wconf 81' lang='grc'>7,</span> <span class='ocrx_word' id='word_1_383' title='bbox 866 4650 914 4712; x_wconf 75' lang='grc'><strong>26;</strong></span> <span class='ocrx_word' id='word_1_384' title='bbox 934 4648 1061 4713; x_wconf 72' lang='lat' dir='ltr'><strong>village}</strong></span> <span class='ocrx_word' id='word_1_385' title='bbox 1077 4645 1221 4697; x_wconf 83' lang='lat' dir='ltr'><strong>Gescbicbte</strong></span> <span class='ocrx_word' id='word_1_386' title='bbox 1234 4645 1280 4696; x_wconf 86' lang='lat' dir='ltr'><strong>der</strong></span> <span class='ocrx_word' id='word_1_387' title='bbox 1293 4642 1526 4711; x_wconf 74' lang='lat' dir='ltr'><strong>Steidteversassune</strong></span> 
     </span>
     <span class='ocr_line' id='line_1_41' title="bbox 195 4730 1525 4805; baseline -0.004 -16"><span class='ocrx_word' id='word_1_388' title='bbox 195 4756 244 4789; x_wconf 83' lang='lat' dir='ltr'><strong>corr</strong></span> <span class='ocrx_word' id='word_1_389' title='bbox 264 4739 356 4791; x_wconf 81' lang='lat' dir='ltr'><strong>Italica</strong></span> <span class='ocrx_word' id='word_1_390' title='bbox 378 4745 400 4802; x_wconf 93' lang='lat' dir='ltr'><strong>l,</strong></span> <span class='ocrx_word' id='word_1_391' title='bbox 424 4741 495 4804; x_wconf 76' lang='lat'>122).</span> <span class='ocrx_word' id='word_1_392' title='bbox 541 4743 593 4794; x_wconf 89' lang='lat' dir='ltr'><strong>Sed</strong></span> <span class='ocrx_word' id='word_1_393' title='bbox 617 4744 709 4792; x_wconf 91' lang='lat' dir='ltr'><strong>horum</strong></span> <span class='ocrx_word' id='word_1_394' title='bbox 734 4743 907 4790; x_wconf 86' lang='lat' dir='ltr'><strong>institutorum</strong></span> <span class='ocrx_word' id='word_1_395' title='bbox 931 4756 1058 4805; x_wconf 86' lang='lat' dir='ltr'><strong>quaenam</strong></span> <span class='ocrx_word' id='word_1_396' title='bbox 1082 4755 1140 4790; x_wconf 86' lang='lat' dir='ltr'><strong>vere</strong></span> <span class='ocrx_word' id='word_1_397' title='bbox 1160 4730 1277 4790; x_wconf 85' lang='lat' dir='ltr'><strong>Romana</strong></span> <span class='ocrx_word' id='word_1_398' title='bbox 1301 4738 1353 4787; x_wconf 85' lang='lat' dir='ltr'><strong>sint</strong></span> <span class='ocrx_word' id='word_1_399' title='bbox 1377 4738 1411 4788; x_wconf 87' lang='lat' dir='ltr'><strong>ad</strong></span> <span class='ocrx_word' id='word_1_400' title='bbox 1432 4737 1525 4790; x_wconf 81' lang='lat' dir='ltr'><strong>Gothos</strong></span> 
     </span>
     <span class='ocr_line' id='line_1_42' title="bbox 195 4830 1525 4900; baseline -0.005 -18"><span class='ocrx_word' id='word_1_401' title='bbox 195 4834 329 4896; x_wconf 86' lang='lat' dir='ltr'><strong>translata,</strong></span> <span class='ocrx_word' id='word_1_402' title='bbox 350 4850 476 4900; x_wconf 67' lang='lat' dir='ltr'><strong>(quaenam</strong></span> <span class='ocrx_word' id='word_1_403' title='bbox 497 4835 596 4899; x_wconf 83' lang='lat' dir='ltr'><strong>origine</strong></span> <span class='ocrx_word' id='word_1_404' title='bbox 615 4835 744 4885; x_wconf 87' lang='lat' dir='ltr'><strong>Germana</strong></span> <span class='ocrx_word' id='word_1_405' title='bbox 764 4835 881 4884; x_wconf 86' lang='lat' dir='ltr'><strong>Romano</strong></span> <span class='ocrx_word' id='word_1_406' title='bbox 901 4833 1026 4883; x_wconf 84' lang='lat' dir='ltr'><strong>vocabulo</strong></span> <span class='ocrx_word' id='word_1_407' title='bbox 1046 4832 1186 4898; x_wconf 87' lang='lat' dir='ltr'><strong>appellata,</strong></span> <span class='ocrx_word' id='word_1_408' title='bbox 1206 4847 1289 4896; x_wconf 89' lang='lat' dir='ltr'><strong>neque</strong></span> <span class='ocrx_word' id='word_1_409' title='bbox 1308 4830 1387 4881; x_wconf 82' lang='lat' dir='ltr'><strong>facila</strong></span> <span class='ocrx_word' id='word_1_410' title='bbox 1406 4830 1475 4880; x_wconf 89' lang='lat' dir='ltr'><strong>dictu</strong></span> <span class='ocrx_word' id='word_1_411' title='bbox 1492 4836 1525 4878; x_wconf 89' lang='lat' dir='ltr'><strong>est</strong></span> 
     </span>
    </p>
   </div>
   <div class='ocr_carea' id='block_1_5' title="bbox 194 4927 1523 5080">
    <p class='ocr_par' dir='ltr' id='par_1_8' title="bbox 194 4927 1523 5080">
     <span class='ocr_line' id='line_1_43' title="bbox 194 4927 776 4992; baseline 0 -17"><span class='ocrx_word' id='word_1_412' title='bbox 194 4933 219 4975; x_wconf 88' lang='lat' dir='ltr'><strong>ct</strong></span> <span class='ocrx_word' id='word_1_413' title='bbox 237 4927 270 4976; x_wconf 92' lang='lat' dir='ltr'><strong>ab</strong></span> <span class='ocrx_word' id='word_1_414' title='bbox 290 4928 337 4976; x_wconf 81' lang='lat' dir='ltr'><strong>hac</strong></span> <span class='ocrx_word' id='word_1_415' title='bbox 358 4936 444 4977; x_wconf 87' lang='lat' dir='ltr'><strong>nostra</strong></span> <span class='ocrx_word' id='word_1_416' title='bbox 464 4928 636 4992; x_wconf 79' lang='lat' dir='ltr'><strong>disputatione</strong></span> <span class='ocrx_word' id='word_1_417' title='bbox 655 4927 776 4976; x_wconf 89' lang='lat' dir='ltr'><strong>alienum.</strong></span> 
     </span>
     <span class='ocr_line' id='line_1_44' title="bbox 250 5012 1523 5080; baseline -0.007 -10"><span class='ocrx_word' id='word_1_418' title='bbox 250 5016 274 5080; x_wconf 78' lang='lat'><strong>²)</strong></span> <span class='ocrx_word' id='word_1_419' title='bbox 295 5019 325 5070; x_wconf 82' lang='lat' dir='ltr'><strong>C.</strong></span> <span class='ocrx_word' id='word_1_420' title='bbox 339 5020 389 5069; x_wconf 90' lang='grc' dir='ltr'>Τ11.</span> <span class='ocrx_word' id='word_1_421' title='bbox 406 5021 448 5080; x_wconf 93' lang='grc'><strong>11,</strong></span> <span class='ocrx_word' id='word_1_422' title='bbox 465 5021 506 5080; x_wconf 86' lang='grc'><strong>18,</strong></span> <span class='ocrx_word' id='word_1_423' title='bbox 523 5024 546 5068; x_wconf 87' lang='grc'><strong>1.</strong></span> <span class='ocrx_word' id='word_1_424' title='bbox 586 5020 748 5070; x_wconf 84' lang='lat' dir='ltr'><strong>Coniercnds</strong></span> <span class='ocrx_word' id='word_1_425' title='bbox 766 5018 913 5068; x_wconf 86' lang='lat' dir='ltr'><strong>constitutio</strong></span> <span class='ocrx_word' id='word_1_426' title='bbox 932 5017 1105 5069; x_wconf 81' lang='lat' dir='ltr'><strong>Valentiniani</strong></span> <span class='ocrx_word' id='word_1_427' title='bbox 1127 5017 1168 5067; x_wconf 88' lang='lat'><strong>111</strong></span> <span class='ocrx_word' id='word_1_428' title='bbox 1187 5014 1256 5078; x_wconf 86' lang='lat' dir='ltr'><strong>(nov.</strong></span> <span class='ocrx_word' id='word_1_429' title='bbox 1271 5015 1296 5078; x_wconf 89' lang='grc'>6,</span> <span class='ocrx_word' id='word_1_430' title='bbox 1311 5016 1336 5077; x_wconf 83' lang='grc'>3,</span> <span class='ocrx_word' id='word_1_431' title='bbox 1352 5014 1392 5076; x_wconf 84' lang='lat'><strong>1):</strong></span> <span class='ocrx_word' id='word_1_432' title='bbox 1417 5012 1523 5065; x_wconf 77' lang='lat' dir='ltr'><strong>tribunos</strong></span> 
     </span>
    </p>
   </div>
   <div class='ocr_carea' id='block_1_6' title="bbox 190 5106 1524 5271">
    <p class='ocr_par' dir='ltr' id='par_1_9' title="bbox 190 5106 1524 5271">
     <span class='ocr_line' id='line_1_45' title="bbox 190 5106 1524 5177; baseline -0.006 -17"><span class='ocrx_word' id='word_1_433' title='bbox 190 5119 309 5162; x_wconf 84' lang='lat' dir='ltr'><strong>cacarrtes</strong></span> <span class='ocrx_word' id='word_1_434' title='bbox 327 5113 380 5161; x_wconf 84' lang='lat' dir='ltr'><strong>sice</strong></span> <span class='ocrx_word' id='word_1_435' title='bbox 399 5113 498 5161; x_wconf 85' lang='lat' dir='ltr'><strong>cornitcs</strong></span> <span class='ocrx_word' id='word_1_436' title='bbox 517 5111 620 5163; x_wconf 84' lang='lat' dir='ltr'><strong>secundi</strong></span> <span class='ocrx_word' id='word_1_437' title='bbox 639 5112 678 5163; x_wconf 84' lang='lat' dir='ltr'><strong>eei</strong></span> <span class='ocrx_word' id='word_1_438' title='bbox 698 5112 766 5161; x_wconf 83' lang='lat' dir='ltr'><strong>tertii</strong></span> <span class='ocrx_word' id='word_1_439' title='bbox 784 5111 883 5161; x_wconf 83' lang='lat' dir='ltr'><strong>ordinis</strong></span> <span class='ocrx_word' id='word_1_440' title='bbox 902 5126 1029 5177; x_wconf 82' lang='lat' dir='ltr'><strong>omnesque</strong></span> <span class='ocrx_word' id='word_1_441' title='bbox 1047 5110 1202 5161; x_wconf 82' lang='lat' dir='ltr'><strong>clarissimos</strong></span> <span class='ocrx_word' id='word_1_442' title='bbox 1215 5109 1315 5159; x_wconf 85' lang='lat' dir='ltr'><strong>tertiam</strong></span> <span class='ocrx_word' id='word_1_443' title='bbox 1327 5116 1427 5176; x_wconf 80' lang='lat' dir='ltr'><strong>portem</strong></span> <span class='ocrx_word' id='word_1_444' title='bbox 1440 5106 1524 5159; x_wconf 83' lang='lat' dir='ltr'><strong>tironis</strong></span> 
     </span>
     <span class='ocr_line' id='line_1_46' title="bbox 190 5203 470 5271; baseline -0.011 -16"><span class='ocrx_word' id='word_1_445' title='bbox 190 5220 324 5269; x_wconf 72' lang='lat' dir='ltr'><strong>aquescens</strong></span> <span class='ocrx_word' id='word_1_446' title='bbox 344 5203 470 5271; x_wconf 87' lang='lat' dir='ltr'><strong>(oportet).</strong></span> 
     </span>
    </p>
   </div>
   <div class='ocr_carea' id='block_1_7' title="bbox 0 0 1730 5828">
    <p class='ocr_par' dir='ltr' id='par_1_10' title="bbox 0 0 1730 5828">
     <span class='ocr_line' id='line_1_47' title="bbox 0 0 1730 5828; baseline 0 10"><span class='ocrx_word' id='word_1_447' title='bbox 0 0 1730 5828; x_wconf 95' lang='lat' dir='ltr'><strong> </strong></span> 
     </span>
    </p>
   </div>
  </div>
 </body>
</html>
