3450 5828
562 508 1168 564 ousuavnmoussnercnnrmcsa.
1458 486 1528 560 129

195 704 225 761 p.
244 684 313 757 113,
335 682 476 743 ridentur
496 701 564 743 esse
586 702 645 742 non
667 685 720 760 qui
739 702 775 742 eo
793 683 860 740 loco
882 683 1010 753 fuerunt,
1032 681 1086 740 sed
1106 683 1158 757 qui
1180 700 1281 740 eorum
1304 700 1426 740 numero
1449 701 1531 740 oom-

195 784 485 864 protenduntur-
507 785 733 844 aremarensis
755 801 829 842 usus
851 782 1084 860 praepositionis
1107 781 1246 841 diuersus
1269 794 1324 856 est,
1347 784 1530 860 significans,

197 896 229 947 ut
249 886 325 960 dixi,
347 905 384 945 eo
398 885 489 945 modo
503 886 635 944 officium
656 894 839 943 transactum
855 893 885 941 et
900 883 1079 959 depositum.
1112 883 1302 959 Praepositio
1324 884 1368 941 ita
1391 895 1532 959 usurpata

195 1006 263 1046 cum
285 1007 304 1047 a
325 992 492 1047 vetustiore
513 1004 650 1046 sermone
672 987 830 1045 abhorreat
852 1005 906 1045 nec
927 985 1094 1062 reperiatur
1114 985 1144 1042 in
1159 985 1292 1042 melioris
1308 987 1414 1044 aetatis
1430 1005 1532 1045 monu-

197 1090 316 1161 mentis,
338 1088 502 1147 invaluisse
524 1088 641 1146 ridetur
663 1088 784 1147 saeculo
807 1088 937 1146 secundo
957 1105 996 1145 ex
1015 1086 1168 1144 laterculis
1185 1085 1344 1161 militum1)
1366 1097 1533 1164 propagata

196 1192 229 1248 in
250 1189 354 1249 titulos
376 1208 478 1249 eorum
502 1197 531 1248 el
552 1197 658 1266 quarto
680 1189 802 1247 saeculo
825 1208 890 1246 cum
914 1188 979 1246 aliis
1001 1187 1109 1263 plebeii
1132 1188 1277 1246 sermonis
1300 1189 1532 1263 proprietatibus

197 1290 237 1349 ad
266 1300 407 1349 auctores
431 1309 553 1367 quoque
582 1291 739 1349 transiisse
765 1289 857 1361 tales,
890 1288 994 1364 quales
1027 1296 1096 1347 sunt
1128 1289 1338 1363 imperatorum
1372 1289 1422 1365 qui
1455 1290 1534 1349 vitas

197 1392 388 1469 scripserunt
407 1401 438 1451 et
459 1394 647 1451 Ammianus.
696 1389 828 1449 Omnino
851 1409 928 1467 quae
954 1400 1024 1448 sunt
1049 1409 1083 1447 er
1108 1393 1280 1460 ceumriorte,
1308 1409 1341 1447 ea
1366 1391 1479 1448 consule
1504 1399 1535 1448 et

198 1499 246 1552 sic
269 1512 361 1569 porro
383 1493 453 1552 licet
473 1494 702 1570 grammaticum
724 1491 891 1563 offendant,
918 1493 1064 1550 brevitate
1089 1499 1119 1549 et
1145 1492 1358 1567 perspicuitate
1385 1510 1534 1550 commen-

199 1595 325 1666 aaran
358 1613 428 1653 num
454 1613 531 1670 quae
557 1594 683 1671 requirit
709 1611 785 1669 pura
810 1593 911 1668 lingua
937 1593 1084 1650 adiectiva
1110 1610 1219 1668 magua
1244 1612 1281 1651 ex
1308 1600 1392 1669 parte
1419 1593 1534 1652 delicie·

200 1695 288 1766 bant
310 1704 344 1753 ut
358 1696 388 1754 in
403 1696 586 1767 centurione,
609 1703 662 1753 aut
681 1701 805 1772 propter
820 1693 1070 1769 significationem
1085 1692 1235 1751 diversam
1251 1712 1307 1751 usu
1326 1704 1475 1769 receptum
1491 1697 1536 1753 sic

200 1797 334 1872 amplius
355 1796 488 1857 adbiberi
509 1815 569 1855 non
592 1804 739 1872 poterant,
762 1794 844 1853 utin
867 1794 998 1853 consule.
1033 1792 1093 1855 Sed
1115 1805 1148 1852 ut
1169 1795 1251 1853 illam
1273 1795 1427 1855 utilitatem
1451 1815 1535 1871 prae-

200 1899 319 1971 berent,
342 1897 512 1957 adhibenda
526 1906 612 1957 erant
625 1916 690 1956 oum
707 1896 862 1974 singulari,
885 1908 914 1954 et
929 1915 998 1955 vere
1020 1914 1073 1971 per
1095 1895 1218 1971 aliquod
1240 1906 1356 1971 tempus
1377 1897 1403 1954 is
1420 1897 1537 1956 videtur

201 2001 235 2058 in
259 2017 297 2057 ea
317 2018 350 2057 re
366 1999 549 2058 sollemniter
564 1999 730 2057 obtinuisse
752 2007 781 2057 et
802 1999 969 2075 praelectus
984 1998 1035 2072 qui
1055 1997 1112 2053 fuit
1126 1996 1292 2074 appellatus
1307 2015 1375 2056 esse
1398 2018 1430 2056 er
1449 2019 1536 2075 prae-

195 2104 288 2177 secto,
310 2100 424 2158 esitato
446 2099 554 2175 plurali
571 2100 796 2177 plurativacque
810 2099 1039 2174 significationis
1056 2099 1222 2170 vocabulis3
1245 2118 1278 2157 ea
1295 2101 1441 2173 praesecto
1457 2103 1535 2159 enim

201 2210 236 2261 ut
266 2202 426 2259 barbarum
456 2202 602 2273 formae,
634 2201 677 2258 ita
704 2200 929 2276 significationis
963 2208 1060 2257 certae
1093 2209 1154 2271 est,
1188 2218 1221 2258 ea
1249 2204 1404 2276 praesectis
1437 2211 1536 2261 autem

201 2310 363 2380 praetcrea
385 2302 572 2380 ambiguum,
599 2311 717 2379 poterat
743 2302 821 2360 enim
847 2303 890 2359 ita
915 2319 1034 2377 quoque
1062 2301 1243 2377 praepositio
1269 2303 1375 2377 accipi,
1402 2311 1435 2360 ut
1460 2303 1537 2361 acci-

202 2402 288 2483 pitur
307 2403 340 2463 in
360 2421 417 2463 uao
438 2422 472 2462 er
493 2407 600 2462 amicis.
636 2402 840 2463 Nihilominus
860 2401 985 2478 pluralis
1007 2419 1125 2477 quoque
1148 2402 1190 2459 ita
1209 2413 1378 2477 usurpatur,
1401 2414 1433 2462 ut
1449 2406 1539 2462 verba

205 2505 368 2583 biographi
390 2504 536 2565 Gordiani
558 2525 584 2564 c.
601 2504 654 2563 22:
676 2524 695 2562 a
717 2503 873 2563 Gallicano
896 2523 929 2562 ea
950 2503 1112 2561 consulibus
1134 2513 1159 2560 et
1180 2503 1347 2562 Maecenate
1368 2523 1401 2562 ea
1421 2506 1538 2563 ducibus

204 2586 371 2682 interempti
396 2617 462 2665 mar
486 2606 669 2682 respondent
696 2603 821 2665 Graecis
847 2605 1014 2663 Herodiani
1037 2604 1187 2676 t,11,3:
1221 2598 1291 2687 ἀνὴρ
1317 2599 1375 2662 dud
1402 2603 1540 2666 ὑπατείας

207 2696 309 2764 nnorl
329 2700 506 2767 Γαλλικανός
527 2697 615 2773 ὄνομα
729 2696 776 2763 καὶ
797 2694 888 2786 ἕτερος
910 2699 1096 2784 στρατηγικός
1117 2700 1149 2761 rd
1176 2697 1291 2785 ἀξίωμα
1313 2699 1461 2777 Μαικήνας
1486 2729 1539 2763 ua-

207 2796 355 2875 λούμενος,
376 2808 578 2885 reperiturque
600 2809 631 2866 in
653 2807 750 2866 titulis
772 2807 883 2865 saeculi
905 2805 1003 2882 quarti
1026 2806 1154 2881 optimae
1179 2815 1265 2864 notae
1295 2808 1368 2883 o(tr)
1396 2809 1540 2884 o(lcrissi·

206 2907 287 2984 mus)
310 2927 345 2967 ea
359 2912 515 2985 praescotia
536 2911 602 2967 urbi
622 2907 672 2982 (G.
688 2908 742 2980 Vl,
767 2907 860 2980 17123
884 2907 961 2982 Eph.
978 2906 1024 2965 1v
1046 2926 1074 2964 n.
1092 2906 1179 2982 800);
1206 2908 1244 2965 ad
1266 2909 1346 2984 quod
1368 2910 1538 2986 exemplum

209 3009 407 3089 explicandus
429 3011 486 3069 erit
505 3029 564 3068 non
587 3009 684 3068 solum
706 3020 853 3069 ueteranus
876 3028 909 3066 eu
931 3009 1051 3083 leqione,
1072 3008 1103 3065 id
1124 3008 1205 3084 quod
1231 3027 1289 3067 non
1315 3010 1408 3068 semel
1433 3011 1541 3088 legitur

211 3108 602 3188 (c.vt11p.tostcet.),
624 3111 676 3170 sed
698 3111 786 3169 etiam
808 3121 956 3169 ceurauus
978 3128 1012 3166 ea
1033 3111 1240 3168 emturiouibus
1263 3108 1313 3186 (C.
1328 3110 1371 3182 X,
1394 3113 1488 3188 3370)
1511 3121 1541 3170 et

210 3230 248 3269 ar
271 3212 435 3273 aicrcrcbis
463 3210 516 3288 (O.
536 3212 599 3284 XI,
623 3213 676 3284 863
709 3213 747 3271 cl.
776 3212 843 3271 adn.
872 3211 909 3268 ad
932 3211 977 3281 X,
1005 3209 1113 3286 3348).
1169 3211 1245 3270 Eum
1272 3229 1358 3270 usum
1386 3210 1541 3283 Seeckius,

211 3330 300 3388 quem
327 3313 365 3371 da
394 3313 562 3409 his'rebus
587 3331 653 3371 cum
687 3314 783 3372 fructu
811 3312 963 3384 consului,
996 3312 1061 3371 iure
1094 3331 1128 3369 eo
1160 3322 1294 3385 revocat,
1328 3314 1408 3389 quod
1433 3310 1542 3372 Graeci

212 3430 271 3489 pro
302 3433 337 3472 ec
367 3416 483 3475 consule
514 3415 612 3473 dicere
645 3414 742 3473 solent
772 3408 830 3469 ἇπδ
864 3405 988 3472 ὑπάτων.
1039 3411 1205 3473 Secundum
1239 3414 1313 3472 haec
1344 3434 1409 3473 cum
1437 3414 1474 3472 de
1506 3433 1541 3472 eo

211 3513 293 3591 quod
318 3524 366 3574 est
391 3534 425 3573 er
446 3526 605 3592 prauum
629 3513 671 3590 (n.
691 3515 742 3587 19,
771 3513 859 3572 modo
887 3514 977 3572 lectio
999 3534 1072 3573 vera
1097 3514 1150 3590 sit)
1177 3527 1208 3573 et
1232 3515 1363 3574 botranus
1391 3514 1449 3589 [ca]
1472 3534 1543 3590 pro·

214 3625 316 3675 tectore
337 3616 380 3693 (u.
397 3616 451 3693 20)
472 3616 582 3693 ambigi
599 3625 740 3694 nequeat,
774 3616 863 3674 etiam
887 3635 919 3674 ex
936 3616 1145 3691 protectoribus
1167 3617 1218 3692 qui
1234 3616 1370 3673 dicuntur
1389 3613 1431 3690 (n.
1448 3615 1476 3674 8.
1493 3617 1543 3675 36.

216 3716 267 3775 to.
287 3717 351 3793 ts)
383 3717 521 3777 ridentur
552 3735 620 3778 esse
651 3718 752 3777 officio
784 3718 887 3776 functi.
952 3715 1018 3775 Nec
1050 3726 1128 3775 recte
1161 3724 1328 3794 opponetur
1359 3734 1388 3773 n.
1413 3714 1430 3773 8
1463 3718 1543 3775 duce-

216 3823 315 3877 aarius
337 3838 371 3877 ea
392 3820 600 3896 protectoribus
621 3819 720 3879 lateris
742 3819 882 3894 diuirti²);
905 3838 972 3877 narn
996 3819 1174 3895 protectoris
1196 3818 1325 3876 cilicium
1346 3826 1392 3875 est
1406 3836 1466 3875 non
1480 3837 1545 3895 per-

216 3930 352 3995 petuum,
378 3920 494 3981 ducena
513 3922 643 4001 dignitas
670 3930 814 3999 perpetua
835 3925 946 3998 pariter
968 3932 1057 3998 atqua
1079 3919 1343 3995 perfectissimatus
1365 3928 1395 3976 et
1416 3919 1546 3995 egregia·

216 4018 313 4097 tw),
355 4019 497 4099 Denique
522 4031 690 4083 cremenses
716 4023 760 4080 illi
788 4022 924 4081 homines
951 4041 1017 4082 cum
1045 4022 1178 4081 scribunt
1202 4020 1292 4080 modo
1319 4039 1353 4077 ea
1374 4008 1545 4095 protectore,

216 4122 303 4183 modo
325 4141 362 4181 ea
384 4124 607 4199 patruorum,
636 4123 723 4184 modo
749 4144 803 4202 per
824 4124 1031 4201 compendium
1054 4121 1090 4178 ad
1114 4127 1270 4198 utramque
1296 4121 1453 4180 formulam
1479 4121 1545 4197 pari

215 4223 276 4285 iura
295 4223 521 4303 explicandum,
543 4244 602 4285 nou
623 4225 791 4301 quaesitam
815 4225 1017 4283 diversitatem
1038 4223 1192 4282 enuntiare
1214 4223 1381 4294 voluerunt,
1404 4222 1454 4281 sed
1478 4241 1547 4279 ean·

160 4300 166 4411 Ξ
215 4324 278 4385 dem
301 4345 367 4385 rem
388 4327 492 4404 paullo
512 4327 630 4386 diverse
652 4327 901 4402 significaverunt.

255 4426 339 4487 Hinc
360 4428 516 4487 descendit
536 4446 609 4487 usus
630 4427 860 4505 praepositionis
883 4427 920 4484 ad
940 4426 1180 4503 distinguendam
1203 4426 1338 4485 militiam
1360 4424 1549 4483 administra·

214 4538 274 4589 tam
297 4540 331 4589 et
353 4528 565 4588 codicillarem.
598 4526 720 4591 Scilicet
740 4546 807 4587 cum
826 4528 883 4587 iam
900 4525 1117 4586 Constantinus
1140 4526 1190 4602 (Ο.
1202 4527 1259 4587 Th.
1274 4528 1302 4599 t,
1319 4526 1368 4599 21,
1388 4527 1418 4602 1)
1441 4544 1548 4585 sanxe-

160 4684 162 4731 ἶ
270 4694 297 4757 ¹)
321 4695 477 4748 Latcrcalaa
496 4697 604 4748 militum
624 4697 789 4748 dimissorum
808 4713 830 4747 c.
844 4711 868 4746 a.
886 4697 937 4746 134
957 4695 987 4746 C.
1000 4696 1051 4758 111,
1066 4696 1136 4745 6178
1158 4696 1244 4746 officia
1263 4695 1350 4745 omnia
1369 4701 1484 4745 recenset
1502 4695 1548 4744 ad·

206 4788 281 4841 lm
298 4789 506 4855 praepositione.

271 4876 299 4943 ¹)
317 4878 423 4931 Eadem
442 4880 543 4931 radone
566 4886 605 4931 est
627 4881 654 4931 in
679 4881 754 4930 titulo
772 4880 876 4933 Sidensi
901 4879 978 4942 ((1.1.
992 4878 1037 4931 (ir.
1052 4879 1135 4941 4346)
1162 4866 1319 4945 δουκηνᾶριος
1343 4865 1392 4926 elad
1417 4865 1550 4946 lurrpdrrav

202 4958 422 5043 *manuue

269 5062 298 5128 ι)
318 5062 510 5117 &munus
527 5077 552 5115 ι.
565 5064 617 5115 317
640 5063 683 5127 (0.
696 5063 749 5117 Ἧι.
763 5065 828 5127 st,
844 5063 884 5125 dl:
906 5061 1109 5130 primipilaribus
1126 5070 1184 5129 post
1206 5065 1330 5114 euteritam
1353 5061 1469 5112 militiam
1491 5076 1551 5128 per·

189 5158 397 5227 Machmas
412 5152 457 5207 uel
473 5152 584 5207 ἅκωιω
600 5153 643 5207 ul
657 5160 777 5209 cumas
792 5154 835 5207 rel
852 5155 996 5222 eprepiatur
1014 5152 1076 5205 dari
1093 5153 1206 5221 dr'qru'tcs
1220 5162 1313 5222 potest.

292 5262 338 5324 V.
1310 5261 1328 5318 s
