3450 5828
201 1765 771 1881 osssnnvlnlonns
834 1765 1344 1880 EPIGRAPHIOAE.

247 2247 400 2307 xxxiv.
445 2245 719 2306 OFFIGIALIVM
741 2245 798 2303 ET
820 2244 1005 2304 MILITVM
1026 2243 1299 2306 ROMANORVM

423 2385 654 2438 snrvncnuur
675 2384 750 2436 nvo
770 2384 1121 2438 osannaernmusru.

150 2559 293 2636 Epistula
317 2559 492 2618 colonorum
519 2560 614 2618 saltus
637 2558 815 2617 Burunitaui
837 2558 874 2615 ad
901 2555 1133 2635 commodum)
1166 2578 1259 2637 nuper
1284 2565 1314 2617 in
1337 2560 1440 2619 Africa

107 2661 269 2720 eruderate
288 2681 355 2720 cum
376 2662 455 2720 iuter
476 2661 536 2719 alia
557 2660 711 2738 complura
729 2676 785 2717 nos
800 2660 951 2718 docuisset
965 2670 1189 2735 procuratorem
1205 2659 1346 2720 Caesaris
1360 2662 1440 2720 Airi-

107 2783 162 2823 cae
183 2772 297 2822 tractus
317 2762 579 2840 Karthaginiensis
605 2770 636 2819 et
657 2761 757 2821 sedem
784 2760 925 2820 habuisse
945 2760 1132 2838 Karthagine
1157 2772 1187 2822 ct
1213 2762 1440 2840 tabulariuml),

105 2873 220 2924 retecta
245 2882 324 2923 anuo
342 2865 419 2924 1881
449 2864 605 2939 adipsum
627 2861 845 2939 Karthaginem
869 2863 1038 2938 sepulcreto
1059 2863 1116 2921 duo
1139 2864 1203 2922 eius
1226 2864 1365 2922 tabularii
1389 2865 1440 2924 ad·

106 2965 299 3027 ministrandi
320 2966 452 3042 aliquam
473 2966 633 3043 imaginem
649 2966 738 3023 nobis
755 2964 1028 3041 suppeditaverunt,
1051 2983 1140 3040 quam
1155 2966 1303 3037 hocloco,
1327 2966 1440 3026 scilicet

106 3070 138 3127 in
158 3067 276 3146 sylloge
296 3065 398 3127 Caroli
417 3064 524 3126 Graux
543 3068 703 3126 memoriae
724 3065 914 3125 honorandae
935 3066 1131 3143 destinata³),
1153 3067 1347 3126 enarrandam
1366 3068 1439 3126 mihi

106 3170 235 3247 sumpsi,
256 3168 340 3245 quod
361 3175 496 3227 versatur
517 3186 565 3227 res
586 3169 618 3227 in
641 3177 722 3229 statu
744 3169 867 3245 antiquo
889 3187 955 3226 cum
972 3168 1091 3227 Africae
1113 3168 1202 3228 hodie
1218 3167 1355 3229 Gallicae
1377 3179 1439 3229 tum

108 3268 231 3330 Galliae
251 3270 356 3346 ipsius.
392 3267 472 3328 Nam
495 3270 727 3348 privilegiorum,
749 3271 858 3346 quibus
881 3269 1107 3346 inscriptionum
1121 3270 1296 3330 Latinarum
1319 3290 1439 3331 enarra·

105 3384 189 3431 tores
212 3379 345 3444 utuntur,
367 3390 427 3429 non
450 3371 586 3430 ultimum
609 3372 666 3430 hoc
687 3380 743 3443 est,
770 3373 849 3447 quod
872 3378 1078 3448 argumentum
1101 3372 1229 3448 siquod
1252 3381 1387 3445 tractant,
1410 3373 1440 3431 id

105 3474 203 3533 doctis
224 3473 345 3549 quidem
367 3473 506 3531 omnibus
527 3491 684 3532 commuue
705 3481 764 3545 est,
793 3472 848 3532 sed
873 3472 952 3532 idem
979 3485 1069 3550 prout
1094 3492 1142 3532 res
1168 3474 1270 3532 incidit
1296 3475 1365 3533 huie
1392 3475 1439 3534 vel

104 3576 150 3634 illi
172 3573 289 3633 nationi
310 3574 406 3650 magis
429 3574 581 3651 proprium
604 3584 634 3633 et
654 3576 876 3650 quodammodo
899 3575 1044 3650 patrium3
1074 3594 1168 3650 neque
1194 3576 1334 3634 abhorret
1361 3576 1439 3634 eius·

105 3677 187 3735 modi
210 3674 374 3752 disputatio
396 3673 498 3734 Gallis
526 3676 713 3751 potissimum
739 3696 758 3733 a
780 3673 931 3734 Germano
958 3677 1106 3735 destinata
1132 3696 1151 3734 a
1177 3677 1321 3735 memoria
1347 3677 1441 3735 hono-

104 3776 201 3837 randa
222 3776 288 3836 eius
309 3776 379 3848 riri,
399 3777 450 3853 qui
472 3797 527 3855 per
549 3777 638 3834 vitam
659 3783 692 3833 ut
706 3778 826 3835 brevem
842 3787 871 3834 et
885 3777 1079 3849 laboriosam,
1101 3779 1143 3836 ita
1158 3778 1260 3836 utilem
1276 3787 1307 3836 et
1321 3778 1439 3853 plenam

103 3888 267 3955 utrumque
287 3877 355 3955 pari
376 3878 519 3955 religione
542 3879 638 3937 tenuit
658 3889 689 3936 et
709 3878 790 3936 cives
813 3897 869 3937 nos
893 3897 957 3938 esse
975 3879 1022 3937 sui
1039 3897 1184 3956 quemque
1199 3879 1302 3956 populi
1319 3887 1347 3938 et
1362 3879 1440 3937 litte-

103 4000 208 4040 rarum
230 3979 445 4039 humanitatem
466 3979 557 4039 nullis
580 3979 796 4038 territoriorum
818 3981 929 4039 finibus
953 3980 1108 4041 contineri.

163 4183 191 4253 ¹)
212 4186 243 4238 G.
257 4188 339 4250 VIII,
360 4189 458 4240 10870.
501 4191 571 4239 Aere
595 4203 742 4254 expressam
762 4191 898 4256 proposuit
917 4190 1026 4242 Carolus
1046 4190 1133 4241 Tissot
1159 4187 1271 4256 Comptes
1294 4189 1386 4240 rendae
1410 4189 1440 4240 de

105 4272 268 4329 t'Acade'ate
288 4277 332 4330 dcc
348 4280 512 4347 inemptions
530 4286 555 4330 et
573 4278 754 4332 belles-lettres
775 4285 846 4332 1880
865 4298 890 4346 p.
906 4281 949 4332 86.
987 4283 1229 4346 interpretationem
1249 4282 1309 4330 dedi
1330 4283 1440 4332 Hermae

103 4372 156 4420 sol.
171 4371 225 4421 XV
246 4370 341 4432 (1880)
361 4388 386 4436 p.
401 4372 555 4423 sat-411.
575 4374 730 4424 478-480.

163 4459 189 4522 ²)
211 4461 305 4512 Coloni
325 4463 358 4512 sd
374 4463 556 4527 imperatorem
573 4465 610 4514 sic
623 4465 738 4515 scribunt
751 4466 806 4526 3,9
827 4480 894 4530 scq.:
918 4472 944 4514 ut
963 4480 988 4514 sc
1007 4461 1098 4514 labent
1117 4464 1198 4514 littere
1215 4463 1437 4533 proc(aratoram)‚

104 4569 169 4621 quoe
188 4559 248 4602 suut
266 4553 293 4601 ia
312 4550 465 4617 t[al]ulurio
485 4561 526 4606 tao
545 4562 642 4606 tructus
653 4553 906 4623 Keretaqtinaneis).
936 4557 999 4606 Dixi
1014 4557 1046 4606 de
1060 4557 1268 4620 procuratoribus
1281 4558 1321 4608 his
1336 4559 1440 4608 C.Vlll

104 4646 188 4709 praet.
209 4661 234 4709 p.
248 4644 338 4695 xm

163 4734 189 4798 ⁸)
210 4735 419 4788 Commentarius
438 4740 547 4804 scriptus
565 4740 615 4790 luit
637 4740 786 4789 inserendus
810 4740 924 4806 syllogus
947 4755 1024 4805 quam
1047 4741 1142 4805 egregii
1167 4742 1215 4790 viri
1239 4742 1326 4792 Caroli
1351 4741 1441 4791 Graux

104 4829 347 4905 nuper-immatura
365 4838 448 4881 morte
466 4831 542 4881 nohis
565 4832 647 4896 erepti
669 4832 809 4881 memoriae
829 4832 941 4882 Parisini
966 4839 991 4880 et
1015 4833 1143 4896 peregrini
1168 4833 1243 4881 amici
1267 4834 1322 4882 eius
1346 4839 1371 4881 et
1396 4833 1441 4882 ad·

104 4922 243 4972 miratores
263 4920 455 4972 dedicaverunt.
489 4922 623 4988 Repetitur
643 4922 768 4972 hocloco
787 4930 893 4988 propter
912 4925 976 4974 duas
995 4939 1093 4985 causas,
1114 4940 1170 4974 cum
1187 4924 1256 4988 quod
1269 4940 1362 4990 corpus
1378 4925 1442 4974 illud

104 5012 252 5077 “tumenti
270 5012 381 5062 macelli
400 5013 433 5063 sd
453 5014 545 5065 horum
566 5015 709 5066 studiorum
730 5015 838 5064 cultores
858 5031 947 5066 omnes
966 5032 1019 5066 non
1038 5022 1220 5081 perventurum
1240 5023 1285 5077 est,
1306 5023 1359 5066 tum
1373 5016 1442 5081 quod

103 5110 164 5171 post
181 5103 307 5171 scriptum
326 5107 538 5158 commentarium
556 5107 637 5158 altero
660 5106 802 5171 sepulcreto
826 5108 955 5172 patefacto
980 5109 1048 5159 tituli
1071 5108 1184 5159 eiusdem
1208 5109 1353 5174 argumenti
1373 5122 1441 5158 com-

101 5196 193 5263 pluas
211 5203 384 5249 munus.
