3472 5826
551 1849 1010 1962 ADDITAMENTA

457 2071 533 2151 An
570 2070 828 2154 CORPORIS
858 2071 976 2155 von.
998 2071 1100 2154 vm.

157 2467 274 2547 Corpus
297 2471 522 2548 inscriptionum
538 2470 714 2531 Latinarum
730 2473 939 2532 Africanarum
962 2474 1014 2533 vix
1037 2484 1101 2533 erat
1121 2475 1244 2548 editum,
1266 2493 1332 2532 cum
1348 2474 1446 2534 denno

111 2580 197 2631 tanta
219 2575 373 2632 titulorum
395 2592 497 2633 recens
519 2582 703 2650 repertorum
726 2574 812 2650 copia
833 2576 970 2649 emersit,
1000 2585 1033 2633 ut
1054 2577 1194 2636 continno
1216 2577 1267 2652 qui
1294 2577 1349 2635 toti
1375 2577 1446 2636 hnic

112 2676 196 2752 operi
212 2685 365 2751 praesunt,
389 2676 603 2752 supplementis
620 2677 782 2735 condendis
797 2677 969 2752 prospicere
984 2677 1133 2737 deberent.
1168 2677 1247 2745 Nam
1264 2697 1330 2736 cum
1341 2678 1447 2737 Africa

112 2772 250 2835 Romana
271 2777 458 2852 antiquitatis
482 2779 680 2836 monumentis
703 2778 834 2854 reliquas
862 2798 938 2854 quae
966 2780 1036 2837 olim
1066 2790 1152 2838 erant
1181 2779 1298 2854 imperii
1317 2779 1447 2838 Romani

112 2879 283 2954 provincias
306 2898 428 2937 numero
451 2889 531 2938 certe
553 2889 683 2957 superat,
706 2889 767 2939 tum
783 2879 911 2940 Tunisia
931 2881 962 2939 in
984 2880 1249 2958 Francogallorum
1269 2888 1445 2957 potestatem

113 2980 235 3038 redacta
254 2980 356 3039 titulos
379 2981 563 3040 describendi
587 2993 676 3057 atque
691 2982 890 3058 investigandi
905 2983 1055 3041 contentio
1071 3002 1180 3042 novum
1197 2983 1276 3059 cepit
1293 2983 1445 3059 impetum.

112 3080 262 3141 Nimirum
288 3101 377 3157 quam
401 3083 508 3141 terram
533 3084 561 3141 vi
587 3092 617 3141 et
642 3083 733 3141 armis
761 3084 819 3142 sibi
847 3084 1048 3158 subiecerant,
1077 3103 1142 3142 earn
1171 3085 1260 3142 etiam
1288 3084 1448 3159 explorare

114 3193 201 3260 atque
224 3201 403 3259 cognoscere
431 3193 460 3241 et
481 3204 558 3260 qnae
581 3185 622 3243 ibi
644 3185 740 3243 adhuc
760 3184 896 3244 latebant
916 3195 1108 3245 monumenta
1129 3187 1168 3244 ad
1189 3186 1305 3244 litteras
1329 3203 1446 3261 promo·

113 3286 226 3343 vendas
248 3286 356 3343 idonea
377 3286 552 3362 protrahere
575 3295 604 3345 et
626 3287 655 3344 in
679 3286 829 3363 publicum
853 3287 940 3346 edere
956 3305 1042 3347 suum
1057 3287 1217 3363 praecipue
1232 3287 1362 3345 oilicinm
1378 3305 1446 3345 esse

113 3382 304 3462 Francogalli
328 3389 419 3461 probe
442 3395 668 3464 perspexerunt.
702 3385 825 3445 Utinam
841 3389 879 3447 ad
895 3389 1017 3448 Africae
1033 3398 1224 3449 monumenta
1238 3390 1361 3464 antiqua
1376 3407 1446 3448 con·

114 3488 263 3546 servanda
284 3498 314 3546 et
334 3490 371 3546 ab
394 3489 514 3547 interitu
538 3488 715 3547 vindicanda
737 3489 859 3547 eandem
882 3509 982 3549 curam
1006 3489 1232 3568 impendendam
1262 3508 1331 3549 esse
1356 3491 1446 3549 iidem

10 3581 15 3592 '
115 3589 171 3647 sibi
195 3590 426 3664 persuaderentl
451 3627 489 3636 -
514 3588 692 3666 Complures
714 3590 804 3666 igitur
825 3591 883 3649 viri
906 3592 986 3651 docti
1009 3602 1060 3651 aut
1081 3611 1136 3651 sua
1158 3602 1275 3670 sponte,
1299 3601 1332 3651 ut
1353 3590 1446 3652 Caro·

114 3688 160 3747 lus
183 3688 302 3763 Tissot,
330 3712 417 3767 quem
442 3713 533 3769 nuper
555 3693 637 3750 hisce
661 3690 767 3750 studiis
790 3712 993 3771 praepropero
1015 3695 1078 3752 sato
1100 3704 1236 3770 ereptum
1257 3701 1288 3754 et
1309 3695 1391 3754 cives
1418 3704 1448 3753 et

114 3793 208 3849 exteri
230 3793 318 3851 hodie
341 3794 456 3868 lugent,
485 3802 537 3851 aut
558 3794 596 3851 ab
619 3794 662 3852 eis
690 3794 789 3866 missi,
816 3795 867 3869 qui
894 3796 1000 3854 artium
1029 3795 1195 3854 liberalium
1222 3795 1447 3872 litterarumque

114 3893 295 3952 incremento
323 3895 351 3951 in
384 3893 484 3953 Gallia
511 3900 607 3972 primo
639 3895 706 3952 loco
740 3897 912 3967 consulunt,
946 3898 976 3955 in
1004 3897 1051 3956 his
1078 3897 1114 3956 R.
1146 3895 1276 3975 Cognat,
1308 3897 1446 3970 Letaille,

114 3993 145 4050 J.
163 3995 313 4066 Poinssot,
337 3993 368 4054 S.
386 3997 530 4069 Reinach,
553 3996 660 4054 itinera
681 3997 874 4072 epigraphica
894 3999 1062 4075 pervarias
1080 3999 1164 4076 regni
1180 3998 1330 4057 Tunetani
1345 4009 1446 4074 partes
1468 4048 1473 4055 .

114 4095 252 4172 deinceps
275 4107 469 4172 susceperunt
497 4107 526 4155 et
552 4116 655 4156 omnes
683 4098 861 4156 ineditorum
889 4098 1039 4158 titulorum
1066 4100 1168 4176 copias
1197 4100 1324 4159 maiores
1353 4101 1446 4159 mino·

115 4215 199 4255 resve
228 4208 463 4275 reportaverunt.
512 4200 546 4257 ln
575 4200 642 4276 ipso
669 4207 768 4257 autem
794 4218 885 4277 regno
908 4199 1064 4259 Tunetano
1087 4201 1223 4259 Delattre
1251 4202 1391 4260 stationis
1414 4196 1472 4262 ss

113 4297 257 4358 Ludovici
281 4302 406 4360 antistes
430 4320 496 4359 cunr
518 4301 585 4359 aliis
608 4301 853 4377 inscriptionibus
869 4302 987 4361 aliunde
1006 4303 1112 4361 adlatis
1127 4321 1275 4375 museum,
1297 4304 1344 4361 cui
1360 4321 1447 4379 prae-

115 4409 169 4472 est,
192 4402 286 4473 auxit,
310 4413 370 4460 tum
394 4404 524 4462 maxime
546 4403 661 4461 duobus
681 4403 813 4461 familiae
828 4404 1035 4478 imperatoriae
1050 4405 1226 4480 sepulcretis
1241 4405 1272 4463 in
1288 4422 1361 4482 agro
1373 4402 1448 4464 Oar-

114 4502 294 4578 tlraginiensi
317 4505 438 4563 effossis
461 4507 498 4563 de
521 4525 552 4562 re
574 4504 765 4581 epigraphica
787 4505 898 4581 optime
921 4507 1034 4565 meruit.
1077 4505 1184 4582 Neque
1205 4489 1309 4565 minus*
1327 4507 1358 4565 in
1379 4524 1448 4583 pro·

114 4605 213 4662 vincia
228 4605 398 4681 Algcriensi
420 4607 615 4681 complurium
639 4606 827 4681 antiquorum
844 4606 1021 4683 oppidorum
1037 4608 1199 4685 parietinae
1215 4628 1267 4684 per
1281 4608 1337 4667 hos
1352 4624 1447 4666 annos

115 4706 333 4782 pervestigatae
356 4727 494 4784 magnam
516 4706 648 4784 lapidum
668 4709 877 4784 inscriptorum
895 4711 1010 4785 copiam
1026 4710 1198 4768 attulerunt.
1235 4709 1299 4768 lam
1315 4727 1384 4767 vero
1399 4726 1447 4781 eo,

115 4808 165 4883 qni
188 4810 322 4884 corporis
345 4810 537 4869 fundamenta
562 4810 658 4886 longis
682 4811 876 4886 molestiaque
899 4802 1054 4871 itineribus
1076 4818 1282 4888 congesserat,
1313 4809 1448 4871 Gustavo

116 4908 286 4969 Wilmanns
308 4919 410 4986 erepto
432 4920 526 4970 morto
549 4920 609 4970 tam
633 4922 834 4986 praematura,
858 4922 889 4970 ut
911 4932 948 4970 ne
970 4914 1067 4990 ipsum
1089 4913 1208 4990 quidem
1229 4913 1303 4972 illud
1317 4930 1394 4991 opus
1410 4911 1449 4970 ad

116 5009 204 5068 linem
227 5011 389 5089 perducere
412 5016 553 5088 potuerit,
584 5014 782 5091 supplementi
806 5014 981 5073 conficiendi
1004 5034 1077 5074 cora
1104 5016 1174 5073 mihi
1202 5015 1364 5074 commissa
1392 5021 1448 5072 est.

118 5110 222 5186 ltaque
246 5115 341 5173 hieme
364 5116 503 5191 proxima
525 5116 566 5190 (a.
586 5114 711 5191 1882l3)
734 5117 764 5174 in
787 5116 919 5175 Africam
943 5118 1092 5193 proiectos
1121 5136 1139 5174 a
1162 5117 1278 5177 Tunete
1305 5117 1343 5174 ad
1367 5114 1450 5175 Oran

119 5215 261 5290 oppidum
290 5218 468 5276 continentis
500 5218 563 5275 eius
590 5218 727 5294 regiones
754 5218 1017 5294 septentrionales,
1053 5218 1155 5295 quoad
1180 5228 1298 5298 tempus
1323 5216 1450 5292 suffecit,

200 5333 235 5391 V.
1186 5339 1223 5398 18
