3450 5828
197 488 261 537 noa
648 482 875 534 arcanarum.
921 482 1076 532 scania.
1453 458 1525 527 505

203 588 332 598 -.-—---
345 589 356 594 -
369 588 596 595 ..μ-Ἦ
1134 583 1195 591 ...α-
1208 582 1350 589 ...φ--..ηα-

208 736 212 744 .
237 659 319 717 Inter
345 660 382 715 10
397 660 446 716 fin.
470 669 499 716 et
524 660 557 715 ll
587 659 724 717 videntur
745 675 833 716 erasa
855 674 921 724 esse
943 657 1034 714 verba
1057 668 1457 715 t1c1m10·a·s·tnv·avo.
1488 685 1526 696 -·

198 764 231 819 11
257 791 272 818 a
294 777 416 819 mounes
438 763 650 839 interpretatur·
665 761 806 838 Ramsay.
824 793 861 801 -
883 759 1066 818 Maximinus
1088 775 1267 835 quamquam
1288 775 1314 814 a.
1331 755 1449 814 demum
1466 755 1526 813 008

197 866 353 940 Augustus
384 866 482 922 faetus
515 876 575 935 est,
608 883 674 922 oum
703 863 922 924 Constantinus
950 863 1104 938 Augustus
1139 868 1255 918 oreatus
1289 868 1371 917 esset
1402 878 1428 916 a.
1457 856 1527 928 306,

196 965 331 1024 Licinius
354 986 380 1024 a.
398 967 467 1038 307,
496 967 688 1046 nihilominus
716 976 745 1025 ot
771 967 803 1023 in
824 966 880 1022 hoo
908 964 994 1022 titulo
1021 964 1149 1040 primum
1176 963 1275 1021 locum
1303 961 1416 1019 obtinet
1442 966 1472 1017 et
1497 960 1528 1016 in

197 1069 291 1126 altero
314 1068 426 1127 Norico
450 1067 483 1128 C.
501 1070 558 1138 111,
582 1068 677 1140 5565;
701 1069 814 1126 seilicet
836 1067 996 1125 adamum
1019 1065 1077 1122 312
1101 1075 1225 1133 senatus,
1248 1071 1280 1121 ut
1302 1064 1343 1121 ait
1366 1069 1470 1120 auctor
1491 1061 1528 1118 de

197 1180 284 1229 mort.
309 1189 421 1245 perseo.
445 1190 468 1229 o.
483 1173 532 1243 44,
559 1171 741 1230 constantino
763 1174 874 1229 sitiatis
895 1173 994 1245 pratia
1012 1170 1102 1244 primi
1123 1170 1241 1224 nominis
1265 1167 1377 1224 titulum
1398 1165 1528 1233 decreuit,

199 1292 278 1348 quem
301 1274 354 1330 sibi
370 1273 544 1330 Maximinus
566 1274 737 1332 vindicabat.
775 1273 824 1330 Ad
846 1272 875 1330 id
899 1280 1019 1330 senatus
1042 1268 1210 1329 consultum
1233 1268 1361 1327 formata
1384 1277 1454 1325 sunt
1475 1267 1528 1324 mi·

198 1375 285 1433 liaria
307 1376 413 1433 Italiae
436 1376 599 1451 superioris
623 1374 657 1434 C.
672 1375 706 1446 V,
730 1374 844 1433 sosia.
869 1373 959 1433 8060.
984 1372 1063 1432 8063
1071 1393 1079 1443 ;
1111 1373 1226 1431 scilieet
1247 1371 1288 1428 ibi
1312 1368 1528 1429 Constantinus

199 1479 312 1555 primus
335 1488 394 1548 est,
424 1479 606 1536 Maximinus
630 1477 793 1548 secundus,
821 1477 926 1534 tertius
949 1475 1093 1534 Licinius.
1127 1507 1168 1517 -
1204 1471 1302 1550 Caput
1329 1473 1394 1530 riae
1422 1471 1448 1530 si
1474 1470 1531 1528 suit

199 1580 352 1639 Laodicea
375 1580 539 1658 Phrygiae,
569 1588 602 1637 ut
628 1580 741 1637 iudicat
762 1579 906 1656 Ramsay‚
934 1578 1018 1635 Eiies
1044 1577 1142 1635 vicum
1166 1576 1299 1651 sequitur
1325 1574 1436 1632 finibus
1462 1591 1529 1650 pro·

199 1684 314 1742 vinciae
342 1683 432 1741 Asiae
466 1683 713 1760 comprehensum
746 1683 840 1741 fuisse
873 1693 902 1738 et
933 1681 1031 1738 laeum
1059 1679 1172 1737 Buldur
1204 1697 1268 1737 eam
1298 1677 1479 1756 provinciam
1513 1695 1531 1734 a

200 1785 318 1843 Pisidia
339 1803 504 1862 separasse.

344 2166 682 2226 INSTRVMENTVM
706 2165 984 2226 DOMESTICVM
1006 2166 1133 2228 ASIAE
1157 2166 1263 2242 (supra
1284 2186 1313 2245 p.
1330 2165 1393 2242 66).

202 2358 292 2420 ¹405
321 2362 376 2420 sub
399 2363 522 2420 vasculo
544 2371 678 2420 oretaoeo
700 2380 761 2436 rep.
786 2362 861 2438 Pagi
883 2362 921 2421 ad
944 2362 1112 2440 Smyrnam.

796 2519 940 2575 oriars

798 2654 939 2697 svaonr

203 2794 287 2853 Misit
308 2795 521 2873 Papadopulos
544 2795 713 2854 Kerameus
736 2817 762 2855 a.
778 2795 865 2854 1884.

651 4146 789 4208 DELVS
812 4149 909 4207 insula
931 4149 972 4223 (v.
988 4167 1017 4223 p.
1031 4146 1095 4223 66).

250 4346 398 4423 Egregius
426 4365 513 4421 quem
540 4365 635 4422 nuper
657 4346 835 4405 Theodorus
858 4345 998 4405 Homolla
1024 4346 1117 4404 edidit
1143 4344 1371 4404 commentarius
1400 4344 1437 4402 de
1459 4343 1538 4403 Delo

208 4450 345 4507 Romana
377 4449 433 4523 (les
458 4449 595 4506 Romaim
622 4451 641 4505 ὰ
667 4449 776 4507 Delos:
808 4449 888 4506 Bali.
920 4450 954 4507 de
982 4468 1054 4508 corr.
1083 4448 1253 4525 Helldaiqua
1285 4447 1378 4506 vol.8
1406 4466 1433 4505 a.
1458 4447 1537 4507 1884

208 4571 237 4626 p.
256 4550 418 4624 75-158)
451 4551 566 4608 insulae
594 4553 812 4621 condicionem,
846 4570 907 4626 qua
935 4553 1061 4628 septimo
1090 4552 1276 4629 potissimum
1307 4549 1388 4608 urbis
1416 4548 1538 4608 saeculo

208 4653 279 4722 fuit,
306 4664 335 4709 et
362 4653 532 4710 universum
560 4673 655 4711 rernm
679 4653 882 4711 Romanarum
910 4654 940 4712 in
969 4653 1013 4711 his
1041 4655 1175 4732 partibus
1202 4662 1312 4712 statum
1341 4651 1423 4712 clara
1449 4671 1538 4710 nova·

209 4775 265 4829 que
288 4755 353 4812 luce
376 4755 546 4812 illustrarit.
592 4753 657 4812 Nos
680 4764 779 4813 autem
802 4757 875 4814 artis
898 4757 1007 4815 finibus
1029 4756 1137 4815 Latine
1161 4757 1340 4833 scriptorum
1366 4772 1538 4813 monumen-

209 4872 306 4914 torum
330 4856 563 4933 oolligendorum
585 4857 718 4915 adstricti
740 4877 775 4916 eo
798 4858 897 4916 oiiieio
920 4860 962 4917 ita
983 4859 1187 4936 defungimur,
1218 4868 1249 4915 ut
1274 4858 1327 4934 qui
1353 4859 1449 4932 ipsam
1476 4875 1539 4915 rom

210 4967 288 5017 recte
312 4971 340 5016 et
363 4959 448 5034 plene
472 4976 593 5016 noscere
616 4960 727 5036 cupiat,
759 4980 826 5019 eum
848 4961 885 5017 ad
907 4959 1101 5021 Homoliiana
1126 4960 1305 5038 ablegamus.
1354 4958 1423 5018 Hoo
1448 4979 1539 5018 unum

211 5063 370 5119 dolendum
394 5071 448 5131 est,
470 5062 549 5136 quod
572 5082 610 5119 ex
633 5070 716 5120 tanta
732 5063 820 5139 eopia
834 5071 1102 5123 monumentorum·
1121 5070 1263 5121 numm
1278 5058 1435 5123 Gallorum
1450 5061 1540 5122 effos-

211 5165 310 5223 siones
335 5164 477 5224 Deliaeae
498 5163 701 5242 prodiderunt,
723 5166 802 5223 bona
823 5180 892 5240 para
915 5162 1015 5227 adhue
1284 5161 1388 5225 itesoit.
