3450 5828
208 477 280 547 130
787 495 971 549 nouusuu

205 669 245 727 rit
266 668 314 739 iis,
336 672 386 745 qui
407 687 440 726 ca
456 669 662 744 protectoribus
683 668 729 726 vel
750 688 783 726 ea
799 672 977 744 praepositis
990 669 1036 726 cci
1049 687 1082 725 ea
1096 662 1257 742 tribunic¹)
1279 667 1417 741 epistulas
1440 685 1539 743 repor-

206 780 312 829 tassent
333 788 430 847 neque
451 770 544 828 aciem
560 769 715 839 vidissent,
737 788 798 828 non
812 770 915 828 eadem
938 769 1094 846 privilegia
1109 786 1175 829 esse
1197 778 1287 844 atque
1307 769 1346 826 iis
1361 768 1414 845 qui
1437 768 1540 826 ordino

204 873 323 928 militiae
344 873 462 929 decurso
484 871 521 929 ad
544 870 667 929 eandem
689 871 893 929 condicionem
920 875 1141 948 pervenissent,
1166 870 1236 927 inde
1263 869 1428 946 colligitur,
1455 869 1538 945 qnod

205 973 277 1031 alibi
300 990 417 1048 quoque
440 990 531 1048 saepe
553 981 690 1049 apparet,
720 973 847 1030 honores
875 990 928 1031 eos
954 991 1009 1048 per
1030 971 1185 1031 codicillos
1212 972 1255 1029 ita
1275 969 1364 1029 datos
1392 987 1477 1039 esse,
1506 978 1538 1029 ut

203 1084 353 1149 tamquam
377 1075 505 1149 peractis
527 1074 564 1132 iis
586 1074 784 1131 dimitteretur
811 1091 869 1131 non
897 1084 957 1132 tam
985 1073 1121 1132 tribunus
1148 1082 1177 1130 et
1203 1072 1247 1129 sic
1272 1071 1413 1148 deinceps
1439 1070 1537 1130 iactus

203 1192 293 1249 quam
319 1193 359 1232 ex
386 1175 515 1233 tribuno.
570 1173 644 1231 Inde
671 1184 777 1249 postea
809 1175 954 1232 honorum
979 1174 1033 1231 illa
1059 1174 1118 1232 duo
1149 1190 1260 1250 genera
1289 1173 1358 1248 ipso
1385 1172 1535 1231 vocabulo

203 1274 323 1333 differre
350 1284 524 1353 coeperunt,
555 1275 667 1334 scilicet
692 1276 735 1333 ita
762 1284 794 1332 ut
822 1275 873 1351 qui
901 1275 1037 1334 tribunus
1058 1274 1232 1345 meruisset,
1260 1273 1350 1332 etiam
1378 1273 1534 1333 tribunatu

203 1376 340 1452 deposito
363 1378 499 1436 tribunus
522 1375 730 1451 appellaretur,
754 1376 931 1433 honorarius
953 1377 1088 1434 tribunus
1110 1394 1149 1434 ex
1165 1374 1283 1433 tribuno
1297 1374 1444 1433 uocabulo
1465 1392 1534 1433 con·

204 1487 301 1535 tentus
322 1485 413 1536 esset.
463 1478 537 1536 llius
561 1494 632 1534 usus
655 1478 685 1534 in
708 1478 866 1535 comitibus
888 1478 1059 1553 exemplum
1082 1476 1197 1535 illustre
1226 1476 1367 1552 proponit
1387 1475 1463 1535 ordo
1485 1492 1534 1534 sa·

203 1579 357 1637 lutationis
372 1579 558 1655 Thamugadi
582 1597 676 1654 nuper
691 1578 874 1647 eruderatus,
897 1577 1007 1653 dequo
1022 1577 1152 1636 fortasse
1173 1577 1245 1635 alibi
1260 1576 1428 1635 disserendi
1450 1577 1533 1635 locus

204 1682 269 1750 erit,
293 1682 322 1738 in
338 1680 463 1739 tribunis
486 1688 583 1739 autem
601 1680 705 1738 titulus
720 1679 909 1738 Trevirensis
932 1696 1023 1753 supra
1044 1679 1157 1737 relatus
1180 1698 1209 1737 n.
1227 1676 1279 1748 283
1301 1696 1371 1736 nam
1388 1686 1533 1754 protem·

204 1802 237 1839 ec
259 1782 371 1840 tribuno
392 1799 457 1839 curn
481 1781 564 1838 nullo
587 1780 674 1838 modo
697 1781 791 1854 accipi
813 1780 911 1855 possit
932 1779 969 1837 de
991 1779 1109 1838 tribuno
1125 1779 1231 1838 deinde
1251 1778 1333 1837 tacto
1354 1785 1532 1855 protectore,

203 1902 267 1940 cum
290 1883 338 1940 vel
360 1882 453 1940 infimi
475 1881 588 1939 ordinis
615 1881 750 1939 tribunus
777 1898 870 1955 supra
896 1890 1092 1956 protectorem
1119 1880 1159 1938 sit
1180 1880 1233 1953 (ci.
1249 1878 1285 1940 C.
1301 1879 1359 1938 Th.
1375 1879 1405 1950 8,
1420 1880 1451 1950 5,
1467 1880 1532 1955 49),

204 1994 281 2042 recte
303 1984 346 2041 ita
369 1983 521 2041 vocabitur
543 1991 692 2058 protector
715 1983 859 2040 dimissus
881 2000 946 2040 cum
969 1982 1121 2040 tribunatu
1143 1978 1347 2057 epistulari2).
1391 1978 1532 2039 Ceterum

203 2085 250 2142 hic
270 2085 411 2160 loquendi
435 2101 506 2142 usus
529 2101 586 2141 non
610 2084 726 2142 videtur
747 2084 920 2160 pervenisse
943 2083 1016 2151 nisi,
1042 2089 1074 2139 ut
1094 2082 1137 2140 ait
1159 2079 1392 2154 Constantinus,
1418 2083 1459 2141 ad
1479 2081 1532 2139 hc·

202 2204 291 2243 nores
314 2186 474 2243 militares:
498 2205 531 2243 ar
553 2185 665 2243 consule
684 2201 743 2242 non
758 2191 806 2242 est
820 2183 924 2241 consul
940 2182 1148 2254 codicillarius,
1171 2183 1224 2241 sed
1238 2182 1396 2242 consulatu
1410 2183 1533 2242 iunctus

202 2298 232 2345 et
253 2288 296 2345 sic
318 2287 468 2361 deinceps.
492 2287 587 2344 Multo
611 2285 710 2343 miuus
732 2284 885 2343 transferri
908 2285 995 2343 debet
1016 2284 1054 2341 ad
1069 2282 1168 2342 officia
1183 2285 1299 2343 minora
1313 2302 1476 2359 numquam
1490 2285 1534 2343 ita

201 2408 254 2465 per
276 2387 429 2445 codicillos
452 2387 596 2463 permissa
618 2386 808 2461 imaginarie,
834 2387 937 2461 itaque
959 2403 992 2442 ea
1011 2394 1169 2459 protectore
1189 2386 1254 2443 sive
1275 2404 1308 2443 aa
1324 2385 1535 2461 protectoribus

203 2491 323 2548 omnino
346 2489 372 2546 is
396 2487 501 2545 dicitnr
518 2488 569 2564 qui
584 2496 733 2562 protector
747 2505 813 2544 cnm
828 2486 945 2556 fuisset,
968 2502 1035 2545 esse
1050 2486 1147 2544 desiit.
1180 2484 1228 2545 Ne
1243 2487 1272 2544 in
1288 2485 1397 2545 militia
1409 2485 1534 2561 quidem
1573 2512 1578 2521 ·

200 2590 401 2649 contenderim
424 2607 615 2648 severacum
638 2588 734 2663 legere
756 2588 946 2645 observatam
969 2605 1034 2646 esse
1060 2604 1155 2662 neque
1184 2605 1307 2663 usquam
1335 2564 1475 2662 usurpari
1500 2605 1536 2645 ca

201 2693 310 2749 tribuno
332 2691 394 2750 siva
416 2710 449 2749 cu
472 2690 592 2747 tribunis
614 2688 789 2746 vocabulum
813 2688 848 2745 de
871 2690 978 2763 coqui
1004 2688 1183 2746 tribunatum
1211 2688 1349 2762 gesserim
1376 2687 1430 2746 sed
1458 2687 1536 2767 legi·

201 2795 304 2851 timum
327 2811 412 2852 usum
435 2791 648 2850 vocabulorum
671 2809 706 2847 ea
728 2797 825 2846 aetate
848 2798 927 2847 recte
949 2789 1021 2847 mihi
1044 2788 1145 2848 videor
1167 2788 1330 2848 definiisse.

241 2895 326 2953 Haec
347 2895 397 2951 ubi
420 2894 583 2970 sequimur,
606 2893 682 2949 inter
698 2890 802 2948 titulos
826 2908 918 2965 supra
939 2890 1050 2948 relatos
1072 2890 1200 2966 primum
1216 2908 1361 2948 novorum
1383 2898 1536 2966 protecto·

200 3016 266 3054 rum
287 2996 436 3065 indicium,
459 2993 537 3069 qnod
553 2993 593 3051 sit
608 2992 676 3049 anni
694 2992 777 3061 certi,
799 2991 1000 3066 Aquincensis
1022 2990 1145 3065 praebet
1159 2992 1229 3049 anni
1245 2989 1315 3062 287,
1337 2991 1389 3067 qui
1404 2998 1535 3068 quartus

199 3104 244 3155 est
260 3096 453 3165 Diocletiani3
476 3095 515 3151 ibi
538 3094 617 3150 enim
640 3093 789 3149 invenitur
807 3092 976 3169 praelectus
998 3091 1095 3150 iactus
1117 3092 1245 3168 legionis
1259 3098 1347 3150 antea
1368 3099 1534 3167 protector.

200 3195 260 3256 Sed
287 3198 417 3255 fortasse
439 3195 590 3252 anteriora
616 3193 663 3250 his
690 3192 884 3267 suppeditant
905 3193 1077 3268 scriptores.
1122 3190 1316 3251 Constantius
1338 3190 1535 3252 cunctamini

200 3299 299 3374 magni
327 3306 424 3374 pater,
453 3296 502 3370 qui
525 3295 641 3352 videtur
663 3293 792 3351 militare
814 3294 949 3368 coepisse
971 3294 1135 3369 imperante
1158 3294 1336 3365 Aureliano,
1363 3294 1531 3353 secundnm

200 3403 392 3474 Anonymum
408 3396 601 3454 Valesiunum
623 3397 678 3453 al
702 3405 845 3470 protector
863 3399 1002 3469 primum,
1032 3398 1094 3452 eain
1118 3396 1260 3465 tribunus,
1282 3403 1384 3470 postea
1407 3413 1533 3471 praeses

200 3499 415 3557 Dalmatiarum
428 3499 506 3570 jaim
530 3497 631 3570 itaque
654 3497 709 3554 nisi
733 3497 860 3572 scriptor
877 3514 950 3554 suae
972 3497 1079 3553 aetatis
1094 3495 1248 3553 vocabulis
1269 3496 1422 3554 anteriora
1442 3515 1532 3555 anar-

201 3600 288 3669 ravit,
310 3600 369 3657 iam
392 3599 448 3656 sub
470 3597 634 3654 Aureliano
657 3609 839 3672 protectores
862 3596 898 3653 ad
922 3597 1102 3655 tribunatum
1124 3598 1384 3673 promovebantur.
1400 3630 1439 3641 -
1454 3596 1532 3655 Dio-

198 3702 358 3759 cletianum
386 3708 524 3757 auctores
551 3717 616 3755 cum
644 3698 777 3756 scribant
803 3699 1009 3772 imperatorem
1039 3706 1169 3756 creatum
1193 3715 1261 3756 esse
1282 3699 1449 3757 domesticos
1472 3709 1530 3756 tum

258 3951 279 4012 ¹)
299 3947 341 3999 Ex
360 3948 468 3999 tribum'a
486 3950 581 3999 locutio
601 3956 701 4014 praeter
719 3948 819 3997 titulum
840 3948 936 3998 codicis
955 3946 1134 3999 Theodosiani
1154 3949 1354 4013 supracitatum
1374 3950 1527 4016 inscriptum

197 4042 227 4092 de
246 4042 406 4092 testimoniali
424 4058 455 4090 cx
473 4039 580 4090 tribunis
599 4048 621 4088 et
639 4037 824 4106 protectoribus
841 4040 894 4099 (ubi
915 4048 977 4089 nota
996 4040 1147 4089 vocabulum
1166 4037 1322 4089 castridunis
1341 4042 1459 4105 usurpari
1479 4056 1528 4106 pro

196 4134 353 4183 substantivo
373 4134 496 4198 singulari
516 4132 632 4192 numero)
653 4133 679 4181 in
698 4132 797 4194 legibus
817 4145 868 4179 non
888 4132 1029 4193 invonitur,
1050 4131 1204 4195 Rossiusque
1224 4138 1325 4193 noster,
1346 4144 1422 4196 quom
1441 4130 1477 4181 de
1495 4146 1528 4181 ea

195 4225 325 4287 consului,
349 4224 481 4289 respondit
507 4225 555 4273 sibi
579 4240 632 4273 non
656 4230 784 4287 repertam
809 4236 865 4271 esse
889 4224 938 4271 uisi
959 4224 985 4271 in
1004 4222 1085 4272 titulis
1109 4222 1190 4272 tribua
1214 4223 1313 4272 urbano
1338 4222 1528 4284 (Crescimbenl

196 4323 260 4364 stato
280 4314 349 4365 della
369 4313 524 4363 basilicarii
542 4313 569 4365 S.
583 4312 673 4363 Maria
691 4315 718 4362 iu
740 4310 869 4362 Cosmedr'o
888 4314 986 4363 Romae
1007 4315 1077 4364 1719
1097 4330 1122 4378 p.
1138 4314 1195 4374 30):
1216 4311 1242 4362 F
1242 4313 1326 4363 lacius
1340 4310 1445 4363 Batinus
1463 4313 1527 4375 viar)

195 4405 386 4467 d(euotisaimuc)
410 4420 440 4455 ec
459 4404 565 4455 tribunis
588 4414 614 4455 et
632 4404 792 4470 Aquileiensi
817 4404 904 4454 mlv
923 4421 948 4453 n.
965 4406 1047 4456 1652:
1072 4402 1115 4455 Ft.
1130 4406 1263 4471 Aparenta
1367 4420 1397 4454 ee
1416 4402 1528 4454 tributus

195 4505 220 4543 et
239 4496 402 4559 Lugdunensi
428 4497 496 4560 apud
515 4496 678 4547 Leblantium
697 4513 723 4545 n.
737 4498 785 4545 41:
813 4492 922 4544 Flauius
941 4493 1017 4545 Fluri
1103 4512 1133 4545 aa
1158 4494 1266 4545 tribunis
1291 4498 1335 4562 qui
1356 4496 1422 4545 cruit
1443 4511 1527 4547 annos

198 4587 326 4650 ortopiuta
344 4593 368 4634 et
386 4594 485 4652 septen,
504 4587 642 4647 ruiturum)
663 4603 721 4635 artri.
741 4587 847 4651 tripiuta
865 4594 888 4635 et
908 4604 991 4635 rior-em
1092 4595 1115 4635 et
1130 4586 1254 4653 probatus
1272 4604 1392 4637 annorum
1411 4585 1492 4637 decim
1504 4595 1529 4637 et

194 4685 264 4735 octo;
284 4683 416 4741 praeterea
434 4677 461 4725 in
481 4677 569 4725 libello
589 4692 692 4741 precum
713 4692 729 4726 a
747 4678 900 4727 Marcellino
920 4688 945 4726 et
964 4678 1089 4727 Faustino
1108 4679 1169 4727 dato
1189 4679 1223 4728 ad
1243 4679 1418 4729 Theodosium
1439 4680 1527 4729 aenio·

193 4784 247 4817 rem
268 4767 409 4828 (Sirmcndi
430 4781 489 4830 opp.
506 4770 518 4815 l
540 4782 565 4831 p.
582 4767 634 4815 154
654 4767 695 4816 ed.
708 4767 812 4829 Vener.)
832 4767 924 4817 nobilis
943 4766 1030 4817 domus
1110 4767 1199 4819 Seueri
1216 4787 1247 4819 ee
1265 4769 1380 4820 tribunis.

252 4857 276 4921 ¹³)
296 4859 439 4908 'l'ribunum
463 4856 635 4906 codicillarem
662 4858 715 4905 sive
738 4858 904 4908 honorarium
932 4875 994 4910 cave
1023 4861 1165 4910 confundas
1194 4877 1251 4911 cum
1278 4863 1382 4911 tribuno
1407 4870 1528 4914 securus.

193 4951 324 5001 Tribunus
344 4963 448 5008 vacans,
475 4954 503 4995 ut
522 4962 554 4995 ex
574 4948 713 4996 Ammiano
733 4950 894 5011 potissimum
914 4960 1028 5015 apparet,
1048 4967 1202 5015 quamquam
1222 4967 1329 5002 numero
1349 4968 1401 5002 nou
1421 4965 1529 5016 praeeat

191 5050 220 5092 ut
238 5048 339 5107 praeest
356 5054 408 5092 non
428 5053 531 5098 vacans,
550 5035 719 5086 nihilominus
738 5039 845 5100 militam
871 5041 988 5090 tribunus
1007 5042 1161 5092 honorarius
1180 5051 1224 5092 aut
1243 5059 1383 5109 numquam
1402 5045 1528 5094 militavit

192 5141 237 5184 ant
254 5132 376 5183 militavit
393 5132 452 5182 loco
471 5129 574 5179 diverso
593 5134 619 5175 et
638 5127 772 5177 codicillos
790 5131 920 5192 accipiens
937 5132 1049 5181 militare
1068 5132 1171 5184 desinit.
