3450 5828
193 490 266 561 280
625 510 897 561 austrannum
923 510 1006 563 von.
1021 512 1090 563 v111

190 610 720 620 ————-—-———-—..-
728 614 733 620 .
935 612 1479 623 ---------

267 830 385 889 XLIII.
430 829 621 891 COLONIA
644 831 774 890 AELIA
796 831 1022 892 HADRIANA
1046 829 1146 893 st.
1169 832 1289 893 ZAMA
1308 828 1431 893 Rutila

677 935 758 1010 (Sidi
765 933 1038 1010 -Amor·chdidI).

234 1095 337 1154 Titulo
358 1117 387 1154 n.
404 1094 463 1155 989
487 1096 614 1155 feliciter
637 1097 756 1155 invento
779 1098 984 1157 controversia
1005 1099 1042 1156 de
1059 1099 1169 1156 Zamae
1192 1097 1306 1175 Regiae
1327 1098 1385 1158 situ
1402 1094 1485 1155 tamdiu

191 1198 331 1274 ambigua
352 1206 467 1257 tantum
490 1199 575 1257 abest
597 1206 628 1257 ut
650 1198 766 1257 tandem
790 1200 952 1274 aliquando
968 1200 1072 1259 sedata
1087 1200 1137 1271 sit,
1158 1209 1192 1260 ut
1212 1219 1292 1261 nunc
1314 1201 1351 1259 de
1366 1218 1400 1258 ea
1414 1196 1485 1257 scrius

193 1320 281 1376 quam
305 1319 435 1376 unquam
458 1311 526 1360 ante
547 1301 623 1358 inter
645 1302 781 1359 homines
803 1301 908 1359 doctos
931 1303 1071 1378 litigetur.
1109 1300 1188 1360 Nam
1209 1312 1240 1361 et
1253 1300 1415 1361 Ptolemaei
1430 1294 1485 1357 rat

192 1403 306 1474 monio,
337 1404 446 1480 quippe
474 1403 520 1460 cui
550 1393 634 1467 Za'ua
664 1393 762 1472 μείζων
790 1403 957 1479 appelletur
990 1403 1131 1480 oppidum
1158 1402 1320 1462 Numidiae
1351 1420 1437 1462 nusae
1452 1396 1486 1467 lla

193 1505 225 1573 3,
247 1505 299 1574 33,
327 1512 357 1562 et
379 1507 445 1580 ipso
468 1505 576 1561 Zamae
599 1505 711 1579 Regiae
733 1505 851 1562 nomine
879 1505 1013 1562 nonnulli
1039 1512 1146 1583 putant
1172 1505 1364 1583 comprobari
1388 1501 1486 1563 dussis

193 1606 297 1663 Africa
322 1606 415 1665 fuisse
438 1606 546 1664 Zamas
570 1606 643 1663 solis
666 1607 890 1681 cognominibus
916 1607 1072 1665 distinctae
1095 1626 1191 1683 neque
1217 1606 1379 1666 admittunt
1396 1605 1487 1664 zama

193 1702 284 1779 eam,
305 1726 380 1783 quae
413 1707 468 1765 tuit
500 1708 537 1764 ad
571 1708 667 1764 vicum
703 1706 1052 1784 Sidi-Amor·chdidi‚
1086 1709 1180 1767 fuisse
1212 1708 1350 1784 Regiam.
1400 1702 1488 1765 Tabuit

193 1820 290 1868 autem
318 1810 537 1885 Peutingerana
562 1827 626 1866 cum
656 1809 777 1867 Zamam
808 1810 920 1885 regiam
948 1810 1074 1869 collocet
1100 1811 1132 1868 in
1160 1809 1210 1867 via
1236 1810 1398 1869 Althiburo
1416 1807 1488 1883 ‘rta-

194 1910 279 1968 drum
307 1911 430 1969 ducente
459 1912 488 1968 in
517 1912 596 1967 hunc
625 1910 756 1968 niodum:
788 1911 918 1969 Aacurua
944 1910 996 1986 (=
1022 1911 1077 1970 Hr.
1100 1909 1227 1986 Zaufdr)
1251 1944 1292 1955 —-
1313 1912 1347 1971 X
1369 1936 1404 1954 -·
1424 1908 1488 1967 zm

193 2013 298 2088 Rer'qr'a
322 2045 357 2054 —
381 2012 442 2071 XX
465 2044 502 2054 -
527 2010 618 2086 Sepqo
640 2045 680 2054 —
703 2012 734 2069 X
757 2044 795 2053 —
820 2012 916 2070 Acala
939 2013 1060 2070 —VII
1084 2046 1122 2054 -
1145 2014 1333 2089 Autipsidum
1354 2044 1391 2056 -
1411 2010 1449 2069 VI
1463 2038 1489 2050 -

199 2114 319 2190 Uzappa
342 2115 394 2189 (=
419 2113 502 2173 Ksur
525 2113 767 2188 Abd-el-lielek)
791 2146 827 2155 -
853 2115 896 2172 VI
919 2148 959 2157 —
982 2115 1129 2191 dienceps
1151 2146 1190 2157 -
1213 2115 1274 2174 VII
1299 2149 1338 2159 -
1359 2114 1488 2191 Appos*

194 2215 271 2273 XIV
289 2249 329 2258 —
351 2216 453 2291 Aquae
474 2217 582 2290 Raptae
605 2214 657 2289 (=
675 2214 728 2273 IIr.
745 2214 929 2291 Babdscha),
953 2236 990 2274 ne
1012 2236 1048 2275 eo
1070 2217 1190 2292 quidem
1214 2217 1386 2276 testimonio
1403 2222 1489 2275 couuu

195 2318 294 2376 versia
315 2318 425 2376 finitur.
471 2314 503 2376 Si
529 2327 608 2375 recte
636 2317 758 2375 haberet
781 2334 813 2375 se
835 2317 1019 2376 itinerariam
1042 2317 1132 2377 modo
1159 2319 1303 2389 relatum,
1331 2318 1421 2376 Zama
1437 2329 1490 2392 qast

194 2419 251 2476 fuit
272 2419 309 2475 ad
332 2416 643 2492 Sidi-Amor-Djeutdi
666 2437 725 2476 non
747 2418 803 2476 suit
824 2419 928 2495 Regia3
951 2438 1019 2477 nam
1042 2418 1169 2496 Uzappa
1190 2420 1240 2478 ubi
1264 2419 1354 2479 suerit
1375 2436 1434 2480 cum
1451 2416 1490 2475 is!

196 2528 312 2578 constet
333 2520 376 2595 (v.
393 2540 420 2596 p.
435 2520 520 2594 978),
544 2529 659 2579 constet
673 2521 742 2578 item
760 2521 795 2577 dc
811 2522 908 2595 AquIs
923 2520 1027 2597 Regiis
1050 2520 1176 2599 (v.VIII
1190 2541 1219 2599 p.
1234 2521 1301 2598 90),
1322 2523 1399 2580 inter
1411 2528 1490 2579 ubtu-

195 2641 251 2697 que
269 2623 453 2681 mansionem
470 2622 612 2698 oppidum
633 2622 671 2678 ad
686 2618 998 2697 Sidi-Amor-Djedtdi
1021 2623 1171 2700 interponi
1192 2641 1252 2682 uon
1274 2631 1375 2700 potest
1393 2620 1444 2681 ulai
1459 2614 1491 2675 ad

196 2725 298 2784 missia
314 2725 378 2782 viae
394 2723 577 2782 anfractibus
594 2723 677 2782 nullo
694 2723 780 2781 modo
797 2724 967 2782 tolerandis.
1004 2726 1047 2781 Αι
1065 2732 1099 2782 ιιι
1114 2724 1238 2783 Zamam
1254 2726 1416 2797 mittamus,
1428 2725 1491 2783 etit!

196 2826 315 2885 aliunde
337 2834 454 2884 constat
474 2825 657 2883 itinerarium
681 2825 754 2883 illud
771 2834 862 2883 totum
885 2827 1088 2901 perturbatum
1103 2844 1179 2886 esse
1213 2824 1294 2885 Nam
1310 2845 1376 2886 cum
1391 2829 1492 2885 Assum
1517 2866 1520 2871 -

196 2930 234 2987 ab
248 2928 376 3006 Uzappa
398 2928 446 2986 via
466 2936 548 2986 recta
569 2946 608 2985 m.
625 2946 653 3002 p.
670 2928 786 2987 circiter
803 2927 912 2985 XXIII
934 2927 1022 2999 absit,
1045 2927 1206 2986 secuudum
1229 2929 1290 2987 tab.
1307 2928 1439 3005 Pauliag.
1456 2924 1492 2981 litt
1518 2942 1522 2953 ·

195 3029 384 3089 intervallum
399 3029 477 3088 foret
492 3029 602 3087 milium
625 3029 732 3105 pedum
748 3028 831 3087 LIII.
864 3029 982 3087 Deinde
997 3047 1052 3088 sex
1066 3030 1222 3102 stati0ues,
1244 3040 1320 3106 quot
1334 3034 1493 3090 recenseatur

196 3132 226 3188 in
248 3132 351 3190 tabula
373 3131 521 3209 Peuting,
544 3140 602 3189 tam
626 3149 719 3207 parvo
742 3131 807 3189 viae
830 3131 936 3189 tractui
960 3131 1036 3189 male
1058 3133 1247 3191 conveniunt.
1286 3129 1374 3205 Quae
1393 3124 1493 3190 cumiit

197 3234 271 3306 sint,
300 3234 484 3292 itinerarium
506 3251 565 3290 non
587 3233 689 3292 obstat
709 3232 869 3308 quominus
892 3233 1014 3291 Zamam
1036 3232 1115 3292 tituli
1140 3234 1219 3292 inira
1239 3219 1329 3293 relati
1352 3252 1406 3311 pro
1424 3225 1494 3305 Rau

197 3335 388 3412 accipiamus,
410 3354 477 3393 cum
499 3335 673 3410 praesertim
696 3353 761 3392 eam
784 3336 872 3393 sitam
896 3335 988 3394 fuisse
1011 3336 1049 3392 ab
1068 3334 1230 3394 Asseribus
1254 3335 1433 3394 occidentem
1451 3346 1494 3389 ru·

197 3454 249 3494 sua
277 3438 366 3495 etiam
392 3437 475 3496 illius
506 3438 674 3496 testimonio
707 3455 831 3510 prorsus
864 3439 1063 3495 confirmetur.
1119 3434 1255 3496 Sallustii
1288 3446 1387 3497 autem
1411 3434 1495 3493 zma

197 3538 298 3614 oppidi
325 3540 554 3615 descriptionem
587 3539 665 3615 (Iug
683 3537 722 3596 56
745 3556 823 3613 seq,
851 3539 888 3596 cs.
901 3538 977 3597 1111
1005 3558 1031 3614 p.
1051 3536 1110 3595 210
1132 3538 1210 3614 seq.)
1243 3540 1402 3598 convenire
1425 3528 1496 3595 vidui

197 3659 263 3698 cum
291 3643 351 3700 situ
377 3661 426 3715 eo,
454 3643 503 3701 ubi
529 3648 575 3700 est
600 3638 683 3700 Sidi·
691 3642 801 3697 Amor·
791 3638 944 3713 ·Djedidi‚
978 3639 1089 3698 iudicat
1115 3637 1243 3698 Carolus
1271 3640 1391 3711 TIssot,
1417 3638 1498 3696 hama

197 3745 401 3819 quaestionum
424 3744 610 3803 existimator
632 3742 829 3819 peritissimus
860 3742 1012 3817 (compleo
1002 3742 1122 3799 -readus
1149 3742 1184 3799 da
1206 3740 1315 3800 l’.uced
1338 3741 1386 3800 XI
1412 3732 1539 3835 (tutti

196 3866 226 3923 p
243 3844 327 3921 907).
367 3845 504 3921 Denique
527 3846 640 3920 aliquid
663 3844 803 3920 pendeus
826 3844 924 3915 habet,
946 3843 1055 3919 quod
1047 3862 1078 3901 m
1100 3843 1202 3902 tabula
1222 3851 1398 3919 patronatus
1419 3860 1445 3899 a.
1459 3832 1503 3898 871
1534 3852 1539 3909 ι

197 3945 245 4022 (Ο.
262 3948 285 4006 l.
300 3947 335 4006 L.
348 3947 401 4018 VI,
420 3947 512 4022 1686)
534 3948 725 4006 inveniuntur
745 3945 836 4004 coloni
858 3945 984 4003 coloniae
1006 3944 1105 4002 Aeliae
1124 3944 1297 4003 Hadriacas
1319 3943 1396 4021 Δις.
1417 3912 1539 4001 sana*

197 4049 318 4125 Reqiac,
345 4051 376 4107 in
402 4049 489 4108 titulo
517 4057 615 4108 autem
643 4067 730 4124 quem
757 4050 816 4107 iam
844 4048 958 4105 edImus
984 4066 1012 4106 n.
1033 4045 1109 4116 989,
1139 4046 1232 4105 Zama
1258 4065 1320 4105 nou
1350 4044 1448 4106 solum
1472 4060 1510 4102 cu·

197 4150 279 4208 Ionia
305 4151 487 4228 appellatur,
518 4170 620 4210 verum
649 4153 738 4209 etiam
765 4150 886 4209 flamoui
912 4149 1047 4226 perpetui
1073 4148 1185 4206 uieutio
1213 4148 1247 4207 ut
1274 4148 1338 4206 diri
1366 4145 1515 4218 Hadriani,

197 4268 257 4325 quo
290 4250 477 4311 Hadrianum
510 4254 596 4311 huius
631 4255 725 4329 ipsius
758 4252 891 4311 coloniae
924 4250 1108 4310 conditorem
1141 4249 1234 4308 fuisse
1265 4249 1355 4307 valde
1391 4250 1517 4327 proiecto

197 4353 422 4412 commendatur
443 4355 623 4414 coniectura.
672 4356 754 4431 Ergo
781 4354 917 4431 equidem
947 4371 1006 4411 non
1034 4352 1263 4429 subscripserim
1289 4351 1521 4411 dubitationibus

198 4454 331 4512 virorum
353 4456 506 4516 doctorum
534 4457 655 4515 nimium
685 4467 852 4527 cautorum,
880 4463 911 4512 ut
937 4455 1009 4513 mihi
1037 4454 1167 4524 videtur,
1198 4452 1249 4529 qui
1274 4452 1305 4511 iu
1335 4454 1393 4513 bac
1422 4472 1525 4515 caussa

197 4556 366 4615 etiamnunc
391 4559 593 4634 ampliandum
620 4577 688 4619 esse
714 4560 926 4617 iudicaverunt.
982 4554 1121 4615 Ceterum
1147 4555 1195 4615 bic
1219 4555 1303 4613 iurat
1334 4574 1463 4615 monere
1493 4556 1527 4617 ab

197 4659 418 4733 provinciarum
441 4662 664 4736 proconsularis
687 4672 716 4720 et
734 4661 909 4737 Byzacenae
931 4659 1061 4718 confinio
1085 4657 1208 4717 Zamam
1237 4657 1378 4733 proxima
1408 4658 1530 4719 afuisse.

196 4757 275 4817 Nam
299 4771 332 4819 ut
352 4763 501 4821 civitatem
523 4764 731 4823 Muzucenaem
753 4763 821 4821 iude
842 4761 946 4839 paucis
969 4760 1162 4819 chiliometris
1185 4758 1348 4818 distantem
1375 4762 1532 4821 meridiem

197 4880 300 4921 versus
330 4863 505 4940 Byzacenae
539 4867 647 4924 finibus
680 4864 823 4924 inclusam
855 4864 948 4922 fuisse
982 4880 1074 4940 supra
1106 4862 1263 4938 probatum
1295 4869 1343 4919 est
1376 4862 1425 4939 (p.
1449 4864 1535 4941 979),

196 4964 239 5022 ita
260 4966 454 5043 municipium
475 4968 652 5040 Muzuense‚
679 4967 759 5044 quod
782 4974 845 5024 erat
867 4966 905 5023 ad
926 4966 1121 5024 confluentem
1148 4964 1306 5023 fluviorum
1329 4962 1415 5024 Wbd
1436 4964 1539 5026 Mirus

197 5074 227 5124 et
250 5067 326 5126 de
355 5069 455 5148 Bargu
482 5081 572 5147 atque
599 5091 617 5128 a
643 5070 736 5128 Zama
765 5087 820 5126 sex
847 5069 908 5125 fere
938 5066 1068 5125 chiliom.
1101 5066 1234 5125 distabat
1263 5066 1346 5125 inter
1379 5068 1537 5129 meridiem

197 5180 226 5229 et
248 5173 406 5247 orientem,
433 5172 468 5233 ad
493 5173 677 5251 provinciam
703 5170 948 5250 proconsularem
975 5169 1154 5247 pertinuisse
1179 5168 1259 5227 iutra
1284 5166 1331 5245 (p.
1348 5166 1430 5250 282)
1458 5170 1538 5235 vide·
