3450 5828
206 502 277 574 138
781 522 963 574 uouusnu

208 622 601 633 ——--.————.·—

202 703 329 754 tectores
352 697 500 755 natalibus
523 697 613 755 claris
636 697 824 772 potissimum
847 703 1018 755 crearentur
1039 695 1104 755 tisei
1126 694 1240 753 ditandi
1268 711 1373 765 cansa,
1402 694 1538 773 graviter

201 799 313 856 errabit
334 801 384 873 qui
406 818 507 857 eorum
529 799 741 857 admissionem
763 800 837 875 ipsis
865 798 1021 857 vocabulis
1051 797 1159 855 ducum
1182 796 1365 873 militumque
1392 803 1535 855 testatam

201 898 239 955 ad
261 899 388 957 abusum
411 901 507 958 solum
530 901 627 957 trahet
649 918 743 976 neque
765 900 795 957 in
818 918 853 957 ea
875 908 1018 976 agnoscet
1033 898 1191 956 consilium
1212 915 1281 955 vere
1301 898 1533 974 imperatorium

201 1008 318 1058 etcum
341 1001 382 1058 rei
404 1002 540 1077 publicae
562 1002 771 1060 reformatione
794 1000 974 1075 perficienda
995 1001 1193 1071 coniunctum,
1215 1010 1247 1058 ut
1261 999 1378 1058 nobiles
1393 999 1532 1058 homines

200 1121 296 1178 neque
319 1102 376 1159 soli
398 1122 463 1161 eam
485 1103 729 1162 administrarent
750 1120 844 1178 neque
867 1103 904 1160 ab
927 1120 963 1159 ea
984 1109 1161 1159 arcerentur.
1205 1100 1356 1160 Tenemus
1383 1100 1477 1178 igitur
1501 1102 1533 1160 in

200 1203 258 1261 hoe
280 1205 416 1262 instituto
437 1224 499 1262 rem
522 1206 694 1280 gravissimi
715 1205 855 1263 momenti
878 1214 907 1262 et
929 1223 1026 1261 rerum
1050 1202 1198 1279 scriptori,
1221 1202 1335 1262 scilieet
1355 1220 1393 1261 eo
1411 1202 1534 1262 nomine

200 1305 303 1380 digno,
332 1305 535 1375 utilissimam
563 1308 660 1382 ipsam
686 1316 717 1363 ut
738 1324 936 1381 exequamur,
964 1306 1092 1363 tenuitas
1118 1304 1398 1363 commentariorum
1423 1304 1532 1363 borum

199 1407 459 1483 epigrapbicorum
482 1426 539 1463 non
565 1407 703 1465 admittit.

240 1508 464 1566 Protectoratus
485 1528 523 1566 ex
545 1509 688 1566 castrensi
712 1509 828 1567 aulicus
851 1509 945 1567 lactus
968 1508 1015 1566 sui
1038 1507 1193 1566 dissimilis
1214 1507 1256 1564 ita
1277 1507 1340 1566 lere
1361 1506 1476 1579 erasit,
1499 1515 1534 1564 ut

199 1609 361 1666 dissimiles
383 1610 503 1667 luerunt
520 1610 600 1666 Zeno
624 1619 653 1666 et
669 1611 852 1668 Anastasius
870 1609 1051 1667 Diocletiani
1073 1616 1102 1665 et
1117 1607 1314 1667 Constantini.
1350 1605 1412 1668 seu
1434 1626 1473 1667 ea
1487 1609 1532 1667 rei

198 1710 334 1767 militaris
356 1713 489 1781 mutatio,
511 1714 596 1769 euius
619 1712 693 1770 baec
715 1724 914 1786 protectorum
936 1721 1081 1789 pareest,
1104 1718 1201 1767 utrum
1216 1710 1306 1767 etiam
1324 1716 1531 1787 protectorum

199 1811 352 1868 vocabulis
375 1823 405 1868 et
426 1812 571 1870 institutis
594 1814 718 1889 vestigia
740 1832 795 1871 sua
814 1814 1006 1887 impresserit,
1029 1812 1190 1886 quaeritur.
1228 1810 1323 1869 Tituli
1338 1819 1398 1869 tres
1412 1809 1477 1868 duo
1491 1828 1532 1869 ex

197 1912 363 1989 sepulcreto
386 1909 601 1971 Concordiensi
629 1914 749 1972 saec.V
776 1912 985 1988 incipientis¹)
1012 1913 1158 1970 eruderati
1186 1933 1214 1970 n.
1234 1911 1271 1970 tt
1295 1915 1471 1987 protectoris
1495 1914 1533 1971 de

196 2033 310 2070 atemere
338 2017 544 2088 orririperomem
570 2026 600 2072 et
626 2035 654 2071 n.
671 2016 709 2073 59
743 2015 827 2089 (vide
854 2014 945 2088 infra)
978 2016 1122 2072 domestici
1147 2015 1181 2071 de
1206 2031 1321 2071 numero
1348 2013 1533 2072 Batavorum

196 2119 337 2172 seniorum
365 2115 527 2191 tertiusque
554 2135 592 2172 ex
615 2116 690 2173 Asia
717 2135 744 2172 n.
767 2116 806 2173 tt
829 2120 997 2192 protectoris
1023 2120 1131 2174 mutuari
1155 2114 1346 2173 Martensium
1371 2115 1445 2172 anni
1467 2113 1533 2174 518

196 2233 271 2290 quos
293 2226 513 2293 proposuerunt
534 2227 717 2294 protectores
740 2219 920 2276 domesticos
943 2235 1002 2275 non
1029 2217 1186 2275 comitibus
1214 2216 1449 2275 domesticorum
1475 2234 1532 2293 pa-

196 2325 304 2388 rentes,
328 2318 380 2375 sed
403 2318 514 2376 relatos
536 2319 573 2375 ad
596 2337 737 2378 numeros
761 2328 866 2391 certos,
889 2319 925 2378 de
946 2320 984 2377 iis
1007 2327 1144 2377 auctores
1160 2318 1300 2394 legesque
1314 2317 1402 2376 huius
1418 2319 1533 2378 aetatis

196 2425 308 2487 tacent,
331 2420 470 2495 quodque
492 2420 554 2477 dixi
577 2421 653 2478 duos
675 2420 743 2479 illos
765 2421 856 2478 edens
878 2419 968 2496 (QV
991 2441 1018 2497 p.
1036 2419 1129 2495 1059)
1151 2427 1335 2495 protectores
1357 2419 1414 2476 hos
1437 2419 1534 2497 longe

196 2520 348 2577 discedere
376 2539 394 2576 a
421 2521 498 2578 notis
527 2534 681 2596 praeterea
707 2541 803 2597 neque
829 2523 904 2580 satis
931 2523 969 2580 de
994 2522 1032 2580 iis
1059 2520 1186 2596 liquere,
1216 2520 1313 2578 adhuc
1339 2538 1445 2578 verum
1471 2532 1533 2580 est.

196 2620 338 2678 Fortasse
361 2620 399 2677 ad
422 2622 475 2678 lios
498 2622 662 2698 respiciens
687 2623 868 2681 lastinianus
891 2624 921 2680 in
944 2623 1057 2701 legibus
1077 2620 1111 2681 C.
1128 2622 1203 2681 lust.
1224 2622 1252 2693 2,
1270 2621 1298 2693 7,
1315 2618 1398 2690 253
1423 2632 1455 2681 et
1479 2620 1534 2693 12,

197 2722 279 2792 17,4
302 2732 484 2798 protectores
507 2723 686 2782 domesticos
709 2725 798 2799 vulgo
821 2733 907 2781 notos
931 2725 1065 2782 nominat
1085 2725 1248 2782 domesticos
1264 2724 1473 2798 praemiator.

235 2824 271 2881 ln
292 2841 384 2899 regno
400 2824 506 2881 ltaliae
528 2826 608 2900 quod
625 2826 827 2884 Theodericus
847 2826 987 2884 formavit
1008 2833 1041 2882 ut
1063 2824 1206 2902 pleraque
1229 2825 1290 2882 alia
1310 2824 1451 2884 instituta
1464 2823 1533 2883 Ro-

194 2944 282 2982 mana
304 2926 393 2982 etiam
417 2935 599 2999 protectores
622 2928 801 2985 domesticos
823 2928 972 2986 mansisse
994 2937 1096 2985 auctor
1118 2935 1165 2984 eet
1186 2925 1352 3003 Procopius
1363 2924 1394 3002 ²)
1418 2928 1533 2987 contir-

195 3034 335 3101 mantque
354 3026 501 3102 epistulae
518 3026 780 3099 Cassiodorianae3
804 3048 871 3086 nam
891 3038 920 3084 et
935 3029 1075 3086 comitum
1091 3028 1323 3087 domesticorum
1338 3044 1375 3086 eo
1389 3034 1534 3104 tempore

192 3128 271 3184 inter
292 3127 425 3185 illustres
450 3137 671 3186 numeratorum
698 3131 728 3188 in
752 3131 788 3188 iis
816 3130 925 3188 adsunt
952 3125 1137 3204 formutse³)
1164 3140 1194 3186 et
1220 3128 1383 3204 primicerii
1410 3148 1533 3201 eorum,

193 3228 242 3302 qni
262 3227 321 3285 iam
337 3228 518 3287 domesticos
535 3230 703 3306 appellatur
717 3227 786 3288 κατ’
801 3225 914 3310 ἐξοχὴν
929 3231 998 3289 item
1015 3230 1052 3286 ad
1067 3230 1339 3289 illustrissimatum
1355 3231 1532 3308 evectast),

199 3402 400 3410 -—-.—-—.

253 3519 275 3580 ¹)
296 3521 372 3570 Certe
391 3537 422 3569 eo
442 3523 537 3572 ducunt
556 3525 709 3587 quicumque
729 3524 794 3571 tituli
825 3524 850 3571 in
880 3539 911 3571 eo
935 3524 1078 3588 sepulcreto
1102 3523 1195 3586 roperti
1219 3530 1278 3572 surtt
1302 3538 1360 3573 eum
1383 3538 1455 3574 enno
1480 3525 1529 3576 ed·

192 3612 287 3675 scripto
308 3612 348 3672 (C.
359 3613 380 3660 1.
392 3615 458 3663 1..v
479 3631 503 3677 p.
517 3615 606 3675 1058),
626 3631 708 3678 nequa
728 3615 859 3663 adsentior
873 3615 966 3665 Rossio
985 3612 1065 3674 (Ball.
1084 3614 1205 3663 mistione
1225 3613 1294 3663 1874
1313 3630 1339 3679 p.
1351 3614 1416 3676 lta)
1436 3616 1529 3667 titulos

192 3703 313 3752 tribuenti
334 3704 447 3767 epochae
467 3708 610 3770 posteriori.

250 3793 274 3855 Ἰ)
304 3797 369 3845 Hist.
398 3813 450 3846 are.
480 3814 500 3844 c.
526 3799 572 3845 26:
602 3788 712 3844 Ἰταλίαν
733 3793 893 3866 Θευδέρεχος
916 3783 977 3844 ἑλῶν
1002 3783 1059 3852 reric
1084 3793 1107 3844 le
1132 3793 1166 3858 τῷ
1188 3785 1282 3861 Ῥεῖμης
1304 3787 1420 3861 καλατὶῳ
1445 3814 1526 3865 erfa-

191 3884 334 3955 τευαμὲναυς
353 3884 429 3936 αὑτοῦ
448 3881 527 3949 εἴασε,
549 3873 612 3942 ὅπως
631 3905 654 3934 τι
675 3877 822 3951 &taediosae
841 3886 884 3951 τῆς
903 3882 1036 3943 πολιτείας
1055 3885 1097 3949 τῆς
1114 3885 1224 3944 παλαιᾶς
1244 3882 1332 3957 ἴχνος,
1352 3882 1413 3954 μίαν
1432 3881 1527 3939 inele-

190 3966 239 4026 nelu
259 3967 375 4043 σῦεταξιν
395 3975 418 4034 ἐς
436 3970 528 4042 η’μίραν
552 3978 596 4040 (=
616 3980 729 4043 singulas
746 3994 862 4028 annonas
881 3979 996 4039 diurnas)
1016 3967 1122 4040 inoleret·
1142 3967 1205 4041 ἦσαν
1224 3973 1252 4026 ll
1271 3965 1340 4027 οὗτοι
1357 3979 1527 4044 παμπληθεῐς

191 4059 261 4135 lyae,
284 4061 311 4116 οἵ
326 4086 352 4116 τε
371 4060 418 4136 peip
439 4060 607 4135 σιλεετεεῖρεος
625 4067 777 4135 καλουμένας
795 4068 835 4117 καὶ
855 4065 1000 4136 topiorum
1018 4063 1060 4118 aul
1080 4058 1223 4139 σχολεῖρεοε
1243 4066 1267 4117 lv
1286 4062 1370 4127 arlrelc
1388 4058 1462 4134 ἦσαν,
1487 4066 1525 4129 οἷς

192 4148 221 4223 δε)
242 4149 310 4208 ἄλλο
331 4153 399 4210 cridla
417 4153 581 4210 iustitium
603 4152 616 4224 ἢ
635 4148 665 4209 el
683 4159 726 4223 τῆς
747 4155 879 4227 στρατείας
900 4149 976 4228 ὄνομα
1000 4149 1086 4227 prium,
1112 4159 1152 4210 ael
1177 4152 1192 4224 ἦ
1217 4148 1333 4227 σῦνταξες
1357 4147 1419 4224 αὕτη
1446 4161 1474 4221 ἐς
1493 4151 1525 4213 ri

191 4245 282 4316 εἶεεοζῆν
300 4248 443 4321 απεχρόσα
462 4241 645 4319 pellicerium,
665 4240 726 4320 ἕπερ
747 4250 770 4308 ὃς
788 4270 814 4300 τε
833 4249 924 4310 παῖδας
942 4251 982 4300 καὶ
1002 4245 1136 4320 ἀπογόνους
1155 4249 1317 4323 Θευδῦρεχος
1334 4240 1424 4310 eriserit
1441 4271 1524 4323 nape-

191 4339 294 4409 riprrrm
313 4341 437 4392 ἐκέλευσε.
471 4347 527 4394 lloc
547 4347 582 4395 ita
601 4347 701 4395 videtur
720 4345 897 4409 acccipiendum
917 4362 972 4395 esse
990 4347 1141 4410 protectoris
1161 4346 1214 4395 lilio
1234 4347 1261 4395 in
1280 4345 1349 4395 idem
1368 4361 1464 4410 corpus
1483 4362 1524 4398 re»

192 4444 265 4499 cepto
284 4435 423 4484 secundum
443 4436 523 4499 legem
544 4451 568 4485 a.
584 4438 635 4487 364
660 4438 748 4502 (snpra
772 4454 796 4501 p.
814 4439 875 4499 135)
904 4453 956 4487 non
981 4454 1055 4488 suum
1080 4437 1236 4502 stipendium
1262 4437 1350 4487 datam
1375 4453 1446 4501 esse,
1476 4440 1525 4490 sed

192 4528 378 4575 successionem
397 4527 478 4576 solam
498 4530 607 4592 paterni.

250 4614 274 4675 3)
294 4617 354 4665 Ver.
372 4619 459 4677 1,10:
479 4619 607 4670 domestici
621 4627 710 4684 potres
728 4619 832 4682 equitum
853 4625 877 4667 et
891 4618 1010 4685 peditum,
1031 4621 1075 4684 pei
1093 4627 1193 4669 uestrae
1210 4620 1285 4670 aulae
1298 4619 1415 4670 videatur
1428 4622 1524 4689 iupiter

193 4704 313 4757 ncubare
415 4709 486 4758 taulis
504 4709 686 4774 supplicatione
704 4711 832 4774 conquesti
849 4717 917 4768 stetit,
943 4708 974 4758 ab
995 4709 1039 4758 illo
1059 4713 1162 4760 arcario
1183 4711 1368 4778 praefectorum
1385 4728 1438 4779 pro
1458 4729 1524 4764 αεεο·

193 4800 305 4849 lumentis
323 4798 482 4848 sollemnibus
500 4814 543 4847 uec
563 4800 654 4863 iutcpri
668 4799 791 4865 ponderis
809 4801 905 4851 solidos
919 4802 1051 4867 percipere
1070 4809 1093 4850 et
1113 4803 1139 4850 in
1156 4818 1256 4853 atemere
1273 4804 1368 4868 procia
1380 4819 1407 4853 se
1419 4802 1523 4873 diepen-

192 4891 237 4939 dio
255 4892 382 4940 sustinere.
423 4888 515 4939 Patres
534 4889 686 4939 vocabulum
711 4893 779 4941 varie
803 4900 952 4956 temptatum
976 4894 1035 4943 idco
1059 4895 1187 4945 adiectum
1212 4901 1263 4956 eet,
1291 4895 1361 4959 quod
1385 4896 1524 4949 domestici

190 4982 236 5031 tilii
255 4982 349 5029 salario
368 4992 463 5031 carent.

249 5070 274 5132 ⁴)
293 5072 417 5122 Formula
435 5073 570 5123 comitivae
589 5073 786 5124 domesticorum
807 5086 844 5125 est
864 5092 915 5126 var.
932 5078 955 5135 8,
973 5079 1014 5138 1·2,
1034 5078 1168 5127 comitivae
1186 5079 1386 5129 domesticorum
1406 5081 1523 5131 recma·

192 5177 244 5214 var.
260 5167 284 5227 2,
301 5166 343 5215 15.
364 5166 389 5227 6,
406 5168 447 5214 11.
