3450 5828
296 520 368 591 656
729 538 1005 592 anorrairaura
1032 540 1115 592 vot..
1130 540 1200 609 utu
1409 581 1416 593 .
1481 544 1654 595 1474-1477

296 723 403 771 motae.
447 703 530 779 Ζάμα
551 703 651 782 μείζων
673 731 749 788 quae
772 732 790 770 a
814 714 985 772 Ptolemaeo
1014 714 1062 789 (4,
1084 715 1116 785 3,
1141 715 1194 790 33)
1222 715 1385 774 collocatur
1411 726 1486 792 post
1510 716 1648 774 Mustim

296 828 325 874 et
339 816 532 873 Themisuam
555 814 653 873 nescio
676 834 774 890 quam,
798 815 875 873 hane
897 833 962 874 esse
985 825 1118 893 apparet,
1141 836 1210 875 vere
1232 835 1251 874 a
1272 817 1365 876 Musti
1388 817 1522 895 propius
1546 838 1652 878 remo·

295 926 355 976 tam
378 938 466 995 quam
489 928 603 976 remota
625 926 672 975 est
694 917 797 975 altera.
853 916 971 975 Colania
993 918 1080 976 Aelia
1101 917 1260 976 Hadriana
1281 918 1414 996 Aupaata
1437 920 1539 978 Zama
1564 925 1650 997 repia

296 1029 363 1078 utra
384 1039 484 1077 earum
508 1020 611 1089 suerit,
639 1019 734 1076 adhuc
757 1020 922 1095 quaeritur3
952 1039 1020 1077 nam
1043 1020 1105 1078 alia
1126 1030 1303 1096 argumenta
1323 1022 1405 1093 haio,
1432 1022 1497 1080 alia
1522 1023 1570 1080 illi
1595 1042 1649 1099 pa·

294 1123 493 1194 trooinantur,
520 1133 550 1180 et
576 1121 607 1178 in
630 1138 747 1179 summa
773 1140 805 1177 re
827 1122 964 1196 quaestio
992 1122 1152 1180 nontanti
1175 1122 1316 1180 momenti
1339 1133 1399 1195 est,
1428 1142 1497 1182 aum
1527 1125 1648 1202 oppida

295 1225 355 1282 duo
383 1242 440 1279 non
464 1222 622 1281 admodum
648 1223 738 1299 longe
761 1223 882 1281 distant.
926 1223 1000 1280 Mihi
1023 1223 1134 1282 Zamae
1157 1222 1299 1298 Djiamia
1319 1225 1415 1301 magis
1443 1225 1491 1284 ina
1523 1230 1559 1283 in
1582 1226 1646 1284 cla·

294 1346 358 1384 rum
382 1343 489 1383 nomen
512 1324 626 1383 videtur
648 1341 724 1383 esse.
762 1323 841 1382 Nam
861 1325 997 1400 quamvis
1020 1325 1055 1381 de
1077 1325 1310 1401 perturbatione,
1333 1344 1423 1402 quam
1447 1326 1645 1387 itinerarium

295 1428 352 1485 hoa
374 1428 440 1484 loco
462 1427 566 1495 subiit,
595 1427 653 1483 iam
677 1427 766 1484 etiam
790 1427 886 1502 magis
913 1435 1042 1498 constet,
1071 1427 1150 1502 quod
1178 1428 1219 1486 ibi
1242 1427 1273 1487 X
1289 1448 1327 1487 m.
1345 1447 1373 1503 p.
1400 1428 1439 1486 ab
1462 1430 1644 1489 Aesuribus

294 1529 457 1587 collocatur
479 1530 572 1587 Zama
594 1527 703 1604 Regia,
732 1529 763 1584 iu
791 1528 820 1583 in
845 1527 985 1601 Diiamia
1007 1530 1103 1586 vicum
1131 1529 1320 1605 aliquatenus
1346 1531 1502 1601 convenit,
1533 1549 1645 1606 quam·

295 1650 383 1709 quam
399 1631 462 1688 XX
479 1632 631 1690 minimum
647 1630 729 1687 milia
750 1646 895 1706 passuum
917 1631 993 1688 inter
1007 1648 1073 1688 eum
1089 1640 1119 1689 et
1135 1632 1267 1689 Assures
1284 1632 1482 1690 intercedunt.
1508 1632 1574 1692 Tu.
1588 1633 1646 1708 M]

667 1911 722 1968 Hr.
744 1910 802 1968 Blr
824 1910 977 1969 el-Alcmia
1000 1911 1106 1987 (supra
1128 1932 1156 1988 p.
1175 1911 1260 1988 288).

294 2068 386 2128 1474
412 2068 449 2125 ad
472 2067 591 2144 Eplr.V
613 2088 640 2126 n.
658 2068 728 2125 307.
773 2066 819 2125 De
848 2067 974 2144 collegio
1002 2068 1178 2127 funeratieio
1204 2069 1267 2127 illia
1295 2087 1342 2127 me
1370 2068 1450 2128 falso
1481 2071 1645 2147 cogitasse

336 2192 406 2229 mox
428 2170 573 2228 intellexi.

297 2347 358 2356 —.
365 2345 1638 2357 ——————--—-—-————-—.—-————

694 2465 948 2527 MEMBRESSA
972 2467 1079 2544 (supra
1100 2485 1129 2543 p.
1146 2469 1229 2544 345).

292 2624 381 2684 1475
410 2626 447 2682 ad
470 2623 589 2699 npuv
610 2643 639 2680 n.
657 2622 726 2681 528.
763 2621 884 2682 Codicis
907 2624 1011 2681 lustin.
1035 2624 1118 2683 locus
1141 2623 1348 2683 aVillefossio
1371 2624 1516 2684 laudatae
1541 2636 1590 2686 est
1612 2626 1641 2696 t,

337 2728 386 2798 65,
403 2729 420 2783 5
444 2726 518 2800 (non
537 2725 564 2795 8,
582 2726 630 2795 65,
645 2725 692 2798 5);
715 2726 751 2784 af.
768 2725 832 2783 aod.
847 2725 962 2783 Theoti.
978 2726 998 2782 l.
1015 2726 1053 2783 37
1071 2729 1105 2784 de
1119 2727 1361 2802 appellationibus
1378 2726 1449 2801 (XI,
1467 2727 1538 2803 30),
1563 2729 1584 2788 l.
1602 2728 1638 2785 23

336 2848 454 2903 qaorum
476 2828 683 2902 appellationes
706 2826 775 2901 (XI,
792 2827 855 2902 36),
879 2828 968 2885 etiam
991 2828 1010 2884 1.
1027 2826 1077 2886 24.
1101 2827 1186 2887 125.

555 3121 723 3183 CIVITAS
750 3120 1087 3182 LAMBAESITANA
1110 3123 1217 3200 (supra
1238 3145 1266 3201 p.
1283 3123 1368 3200 406).

293 3280 383 3340 1476
407 3281 443 3337 ad
467 3280 542 3356 Eph.
556 3279 585 3337 V
608 3299 635 3336 n.
656 3280 721 3338 736.
767 3277 888 3355 Spectat
911 3280 948 3338 ad
972 3278 1005 3339 C.
1030 3301 1056 3338 n.
1075 3279 1166 3352 2949,
1189 3300 1248 3339 nou
1270 3281 1309 3339 ad
1332 3278 1423 3338 2924.

292 3539 383 3598 1477
412 3541 442 3597 in
465 3540 564 3615 lapide
588 3538 648 3595 alto
671 3558 708 3595 m.
725 3536 812 3610 0‚8o‚
839 3539 900 3596 lato
923 3539 1010 3610 0,40‚
1039 3539 1093 3596 litt.
1111 3539 1197 3611 0,03;
1232 3558 1294 3614 rep.
1316 3538 1483 3600 Lambaesi
1513 3542 1547 3600 in
1575 3542 1639 3600 soro

331 3643 400 3716 pria
422 3643 461 3698 cla
480 3643 576 3716 prand
597 3642 705 3716 templa.

785 3739 804 3782 c
816 3747 829 3776 0
842 3741 862 3781 Ν
878 3739 945 3782 sua
958 3740 978 3780 Ν
992 3740 1030 3781 τι
1043 3742 1064 3781 Ν
1078 3740 1093 3781 e

784 3841 1093 3884 ruossrcsemua

785 3929 1093 3987 ΜΑετειΗΗοε

785 4044 977 4086 ceauruvs
1010 4045 1092 4087 aaa

785 4146 905 4187 naurs
937 4146 976 4187 ετ
1003 4146 1093 4189 iace

847 4246 1037 4290 eorruva

784 4348 1092 4391 mmmmaco

784 4434 848 4492 uuo
873 4449 942 4491 sese
965 4450 1091 4493 eaovru

784 4551 851 4593 cra
883 4549 1093 4593 nousraar

714 4658 739 4694 ro
781 4639 1092 4695 ulleoiwruuu

783 4753 916 4797 cruces
944 4755 980 4795 ετ
1005 4753 1092 4796 eros

782 4858 829 4897 tra
852 4855 943 4897 saeva
968 4840 1091 4898 tranet

289 5005 395 5064 Poulle
417 5024 470 5062 rea.
494 5007 528 5062 cle
554 5002 647 5063 Cenat.
664 5003 760 5061 XXII
783 5023 811 5078 p.
829 5001 888 5061 395
912 5023 939 5059 n.
960 5002 1028 5060 158.

330 5108 440 5166 Refero
462 5126 539 5183 quae
562 5107 641 5165 edita
664 5113 741 5165 sunt.
775 5106 869 5181 Lapis
885 5106 1021 5180 quamvis
1038 5105 1135 5163 denuo
1153 5105 1342 5165 examinetur
1356 5114 1508 5183 oporteat,
1532 5117 1630 5169 tamen

287 5210 403 5268 titulum
426 5210 573 5287 insignem
597 5229 633 5267 no
656 5228 733 5267 nune
755 5209 873 5285 quidem
895 5207 1033 5265 omittere
1055 5207 1152 5266 satius
1176 5207 1258 5266 duxi.
