3472 5826
519 500 817 554 OBSERVATIONES
835 497 1123 553 EPIGRAPHICAE.

306 895 493 956 XXXVIII.
542 896 725 956 MILITVM
755 893 1098 954 PROVINCIALIVM
1128 894 1326 953 PATRIAE.

193 1085 283 1161 Quod
305 1089 389 1146 multi
413 1107 451 1147 ex
473 1090 566 1147 multo
591 1100 722 1165 tempore
745 1088 998 1160 desideraverunt,
1023 1097 1055 1145 ut
1077 1089 1192 1162 patriae
1214 1088 1339 1145 militum
1361 1104 1479 1162 compo·

149 1200 267 1261 uantur,
296 1208 363 1248 cum
385 1191 453 1248 inde
476 1193 589 1250 tamin
612 1192 738 1250 dilectus
761 1191 886 1248 formam
910 1190 1016 1248 aetatis
1039 1189 1247 1265 imperatoriae
1269 1207 1358 1262 quam
1381 1190 1411 1245 iu
1433 1189 1480 1245 ius

149 1309 344 1366 personarum
374 1311 531 1368 rerumque
558 1293 741 1370 publicarum
770 1292 954 1366 aliquantum
979 1291 1054 1347 lucis
1076 1290 1308 1347 redundaturum
1329 1308 1398 1348 esse
1420 1290 1481 1346 Ior-

149 1402 232 1451 tasse
253 1411 314 1451 uon
336 1392 401 1453 siue
423 1412 515 1452 causa
537 1404 681 1471 speretur,
705 1394 735 1451 id
758 1393 912 1451 laterculis
934 1392 1077 1450 sublectis
1099 1409 1157 1448 non
1179 1391 1332 1467 perficitur
1351 1391 1479 1465 quidem,

150 1512 204 1551 nec
226 1504 305 1553 recte
327 1496 430 1569 perfici
452 1497 561 1570 poterit
583 1497 640 1554 nisi
663 1495 781 1571 sylloge
803 1493 1027 1568 inscriptionum
1044 1491 1229 1562 Latinarum,
1252 1492 1391 1566 aquibus
1407 1492 1481 1549 haec

149 1593 321 1670 disquisitio
348 1606 411 1653 tota
437 1596 497 1654 fere
524 1598 647 1672 pendet,
675 1596 837 1673 aliquando
864 1595 1010 1652 absoluta.
1060 1592 1119 1653 Sed
1147 1594 1241 1651 donec
1267 1593 1379 1669 publici
1405 1593 1479 1650 iuris

148 1695 245 1754 iactae
267 1706 354 1755 erunt
374 1715 449 1773 quas
472 1698 569 1756 adhuc
591 1716 678 1774 aegre
700 1699 916 1765 desideramus,
937 1696 1044 1754 Italiae
1067 1695 1181 1752 mediae
1203 1702 1232 1751 et
1252 1692 1479 1752 Germaniarum

148 1798 326 1873 praesertim
348 1799 558 1872 inscriptiones
582 1807 611 1857 et
632 1799 678 1856 his
702 1798 898 1875 superstructi
920 1797 1035 1855 indices
1054 1797 1192 1854 meliores
1209 1806 1238 1854 et
1252 1796 1402 1870 pleniores
1418 1795 1480 1852 ela·

147 1899 343 1972 borabuntur,
365 1901 482 1958 interim
506 1920 544 1958 ex
566 1901 613 1959 hle
636 1918 754 1976 quoque
777 1899 956 1977 prolicietur.
994 1897 1126 1955 Adhibui
1149 1898 1187 1955 ad
1210 1897 1411 1956 conficiendos
1427 1913 1479 1954 eos

148 2000 284 2059 subsidia
305 2012 335 2060 et
357 2001 525 2060 communia
546 2002 677 2059 omnium
700 2011 729 2059 et
750 2022 785 2060 ea
801 2019 927 2076 quorum
945 1998 1016 2057 mihi
1033 2000 1118 2074 copia
1133 2018 1186 2074 per
1202 2001 1312 2057 amicos
1327 1999 1408 2056 facta
1423 2006 1479 2068 est,

147 2103 323 2177 praesertim
346 2121 399 2161 eos
423 2104 498 2178 apud
523 2121 598 2178 quos
621 2104 749 2161 schedae
772 2102 969 2160 adservantur
991 2111 1113 2177 paratae
1135 2101 1171 2158 ad
1194 2101 1391 2175 perficiendas
1412 2119 1480 2174 par-

149 2212 194 2260 tes
216 2203 354 2281 syllogae
375 2213 496 2262 nostrae
519 2205 648 2263 nondum
672 2204 782 2280 publici
804 2204 877 2262 iuris
899 2203 1007 2273 factas,
1029 2202 1197 2277 Eugenium
1219 2202 1380 2273 Burmann,
1404 2200 1478 2256 Her-

148 2321 289 2363 mannum
306 2305 437 2378 Dessau,
461 2305 602 2365 Ottonem
620 2305 801 2363 Hirschfeld.
839 2305 952 2363 Eorum
975 2305 1123 2362 adiutorio
1146 2303 1333 2377 potissimum
1356 2301 1479 2359 debetur

147 2405 237 2488 quod,
262 2414 294 2465 ut
314 2407 437 2465 dubium
451 2426 511 2465 non
527 2416 573 2465 est
588 2407 734 2483 quaedam
750 2407 863 2464 omissa
879 2425 956 2477 esse,
976 2425 1053 2482 quae
1067 2405 1136 2462 addi
1152 2411 1312 2479 potuerunt
1327 2411 1357 2460 et
1371 2404 1478 2460 debue-

147 2517 226 2578 runt,
248 2509 292 2566 ita
312 2527 371 2566 non
394 2508 488 2566 multa
509 2509 625 2566 confido
647 2508 811 2566 desiderari
834 2526 936 2565 eorum
960 2526 1035 2582 quae
1051 2507 1139 2564 hodie
1155 2515 1227 2563 nota
1241 2514 1320 2564 sunt.
1356 2505 1478 2563 Patrius

148 2608 272 2667 milltum
295 2610 399 2686 paucis
422 2609 556 2686 exceptis
585 2627 643 2667 non
671 2610 769 2684 recepi
796 2610 852 2667 nisi
880 2609 991 2666 diserte
1017 2608 1046 2665 in
1075 2607 1169 2665 titulis
1198 2608 1382 2677 enuntiatas3
1410 2626 1477 2664 nam

147 2706 218 2766 licet
240 2725 457 2784 saepenumero
479 2711 560 2769 locus
583 2710 660 2768 tituli
682 2711 793 2768 inventi
817 2729 870 2787 pro
893 2710 992 2786 patria
1012 2709 1142 2767 defuncti
1166 2709 1258 2783 accipi
1282 2709 1388 2783 possit,
1411 2727 1478 2765 cum

146 2809 176 2866 in
198 2809 252 2867 tali
273 2829 306 2868 re
327 2811 414 2870 facile
437 2813 530 2870 errori
551 2812 635 2870 locus
660 2813 699 2869 sit
721 2830 815 2886 neque
834 2812 921 2869 buius
937 2810 1172 2868 commentarioli
1190 2810 1286 2867 forma
1301 2810 1478 2885 disputatio·

146 2927 213 2967 uem
237 2911 385 2985 admittat,
409 2914 473 2971 eius
495 2914 612 2990 generis
635 2913 738 2972 titulos
759 2913 917 2971 excludere
932 2912 1021 2970 malui
1037 2931 1125 2987 quam
1142 2910 1241 2969 dubiis
1256 2921 1336 2969 certa
1349 2911 1477 2969 turbare.

146 3010 361 3089 Proponuntur
383 3016 566 3074 collectanea
587 3015 685 3072 forma
706 3013 832 3089 simplici
856 3013 1085 3083 laterculorum
1115 3031 1191 3087 quos
1217 3022 1249 3071 ut
1275 3013 1392 3070 diluant
1413 3032 1477 3070 ver·

145 3112 251 3171 borum
274 3115 450 3192 ambagibus
473 3128 503 3175 et
524 3116 642 3174 libellos
671 3115 801 3174 librosve
823 3116 891 3173 inde
917 3114 1046 3172 efficiant
1072 3115 1190 3172 nomiae
1219 3115 1356 3189 specioso
1383 3114 1478 3189 magis

145 3232 235 3290 quam
257 3216 338 3275 insto
361 3217 503 3275 historiae
525 3217 676 3295 legionum
698 3217 915 3275 auxiliorumve
937 3216 1118 3274 classiumve
1140 3225 1273 3288 ornatos,
1299 3215 1367 3273 allis
1390 3215 1477 3273 reliu-

146 3334 216 3392 qao.
261 3316 328 3395 Ego
350 3320 501 3393 quomodo
525 3338 586 3377 rem
609 3318 782 3388 ordinarim,
803 3318 934 3376 breviter
955 3318 1123 3393 explicabo.

187 3418 237 3475 Ad
252 3418 370 3477 Italiam
394 3420 506 3477 iudices
528 3420 558 3477 hi
582 3428 705 3479 eatenus
729 3420 931 3477 tantummodo
953 3420 1139 3496 perveniunt,
1161 3419 1241 3494 quod
1262 3420 1294 3477 in
1314 3418 1409 3477 altero
1424 3418 1478 3475 mi·

144 3517 213 3576 lites
240 3518 396 3596 legionarii
427 3532 487 3579 tam
515 3522 613 3579 Italici
641 3541 729 3598 quam
756 3521 957 3595 provinciales
984 3531 1191 3591 recensentur3
1224 3520 1368 3578 eiusmodi
1401 3520 1477 3577 enim

145 3617 291 3678 laterculo
314 3623 363 3697 qui
386 3623 417 3680 in
440 3623 577 3681 dilectum
605 3624 730 3680 militurn
758 3624 865 3679 aetatis
894 3623 1103 3698 imperatoriae
1131 3622 1254 3698 inquirit
1280 3621 1361 3678 nullo
1389 3620 1477 3677 modo

145 3737 245 3779 carere
266 3731 373 3798 potest.
417 3725 539 3782 Italicos
561 3744 599 3782 cx
622 3725 786 3799 praetorio,
813 3725 882 3780 item
906 3725 1072 3782 cohortium
1095 3725 1272 3780 urbanarum
1296 3722 1477 3797 vIgilumque

145 3821 280 3896 equidem
303 3843 362 3881 non
384 3825 580 3903 collegeram3
603 3845 670 3883 nam
694 3834 727 3882 ut
744 3826 980 3883 testimoniorum
997 3825 1059 3882 eius
1074 3825 1190 3900 generis
1213 3841 1355 3881 numerus
1383 3823 1478 3879 maior

144 3931 204 3995 est,
231 3924 273 3982 ita
293 3925 407 3984 utilitas
430 3929 527 3985 minor
550 3945 646 4002 neque
668 3928 769 3985 eadem
799 3926 970 4002 disputandi
997 3926 1103 3984 forma.
1153 3925 1201 3982 De
1223 3926 1287 3982 iure
1314 3923 1392 3981 enim
1415 3932 1476 3980 tam

144 4042 342 4100 personarum
364 4046 452 4102 quam
477 4029 665 4103 populorum,
688 4028 767 4103 quod
791 4028 826 4084 ad
850 4027 970 4085 Italiam
994 4027 1108 4097 attinet,
1131 4036 1254 4084 eatenus
1277 4034 1390 4084 tautum
1414 4043 1477 4081 anr-

143 4125 268 4201 bigitur,
301 4126 380 4201 quod
408 4147 467 4203 quo
496 4139 628 4205 tempore
656 4139 687 4187 et
712 4138 857 4204 quatenus
884 4131 915 4186 in
942 4129 1059 4204 legione
1087 4127 1156 4184 Itali
1189 4146 1302 4184 merere
1335 4124 1477 4183 desierint

143 4235 238 4284 restat
258 4228 457 4302 quaerendum
465 4251 474 4300 ;
502 4232 546 4287 cui
568 4231 750 4306 indagationi
773 4249 850 4304 quae
873 4231 903 4287 in
926 4229 1019 4286 altero
1042 4228 1139 4286 indice
1162 4227 1315 4303 composui
1338 4227 1476 4284 sulficere

143 4325 209 4384 visa
232 4336 309 4386 sunt.
360 4326 420 4389 Sed
444 4340 542 4388 tamen
565 4350 629 4390 cum
654 4330 785 4390 Oscarus
806 4330 895 4390 Bobn
917 4331 990 4388 haec
1011 4338 1116 4405 parata
1138 4329 1261 4386 haberet
1281 4347 1340 4385 non
1362 4329 1476 4385 inserta

142 4446 237 4503 nuper
259 4429 297 4486 ab
317 4430 384 4505 ipso
404 4431 484 4488 edito
500 4433 711 4490 commentario
727 4450 814 4505 srpra
829 4452 857 4508 p.
873 4433 930 4489 135
947 4432 1048 4501 citato,
1071 4450 1131 4487 nou
1146 4429 1387 4488 committendum
1404 4427 1476 4486 duxi

143 4536 175 4586 ut
197 4530 356 4589 occasione
377 4551 415 4590 ne
439 4540 549 4602 uterer,
577 4542 607 4591 et
632 4533 719 4589 facile
748 4533 785 4589 ab
812 4551 848 4589 eo
875 4531 1046 4608 impetravi,
1075 4538 1107 4589 ut
1134 4531 1293 4589 laterculos
1321 4547 1373 4588 eos
1400 4530 1475 4587 mels

142 4630 266 4689 adderet
288 4632 380 4705 (inira
400 4653 428 4709 p.
447 4633 530 4708 250).
572 4635 607 4691 Iu
630 4635 757 4692 indicem
774 4643 871 4690 autem
889 4633 1059 4707 primarium
1076 4633 1190 4708 patrias
1207 4632 1331 4689 militum
1346 4638 1475 4689 tantum-

142 4732 232 4789 modo
254 4733 453 4808 provinciales
477 4735 597 4806 admisi,
626 4736 655 4793 in
677 4736 839 4811 provinciis
861 4733 1051 4792 recensendis
1075 4743 1194 4793 secutus
1217 4733 1351 4791 ordinem
1374 4732 1476 4790 enchi·

144 4832 212 4891 ridii
234 4834 481 4910 Marquardtiani.

184 4934 314 4993 Militum
342 4938 455 5010 patrias
478 4937 601 5013 collegi,
628 4938 715 4995 omisi
738 4937 844 4995 ducum
871 4947 901 4994 et
927 4937 1165 5012 praepositorum
1189 4955 1255 4993 cum
1278 4934 1419 4994 senatorii
1447 4943 1476 4991 et

143 5037 290 5110 equestris
312 5038 427 5096 ordinis
448 5050 509 5097 turn
533 5039 736 5097 centurionum
759 5040 891 5114 peditum
913 5045 942 5094 et
965 5039 1096 5112 equitum
1111 5037 1314 5107 decurionum3
1338 5055 1406 5093 narn
1430 5035 1475 5091 di·

141 5134 249 5209 lectus,
271 5137 308 5195 ad
332 5157 419 5215 quern
441 5141 582 5199 unirersa
596 5142 733 5215 quaestio
748 5141 833 5213 redit,
856 5139 894 5196 ad
908 5138 977 5198 illos
993 5157 1052 5198 non
1065 5139 1209 5216 pervenit,
1232 5139 1271 5196 ad
1286 5137 1474 5197 centuriones
