3450 5828
304 462 374 534 152
451 522 453 527 .
875 474 1060 529 uouusuu

300 652 356 711 bus
379 652 548 711 forensibus
571 660 601 709 et
622 650 770 724 civilibus,
793 649 932 707 nimirum
955 658 1101 726 quatenus
1116 666 1169 708 eae
1184 647 1343 707 militarem
1359 648 1407 707 vel
1421 648 1509 725 quasi
1523 647 1634 709 milita·

300 773 361 813 rem
384 772 504 830 operam
527 762 578 811 aut
599 753 753 828 requirunt
774 759 827 809 aut
848 757 927 810 certe
950 750 1120 823 admittunt,
1142 757 1176 808 ut
1196 750 1229 809 in
1245 767 1364 809 carcere
1384 749 1584 809 custodiendo
1605 760 1636 810 et

295 855 520 932 quaestionibus
543 854 733 926 exercendis,
762 853 792 911 in
815 854 936 929 negotio
958 853 1124 926 mensorio,
1145 850 1177 909 iu
1200 851 1316 910 alendis
1339 851 1528 912 exercitibus.
1573 849 1635 913 Ne-

298 977 356 1033 que
379 975 451 1015 casu
473 957 628 1029 evenisse,
660 955 740 1031 quod
768 954 888 1033 singule
914 954 949 1012 ad
978 953 1096 1013 civilem
1125 952 1412 1013 administrationem
1439 953 1636 1031 potissimum

297 1060 417 1127 ducunt,
440 1057 509 1115 inde
531 1057 754 1133 comprobatur,
776 1056 856 1133 quod
878 1055 936 1113 hoc
949 1064 1068 1132 sumpto
1089 1055 1289 1132 proprietates
1308 1054 1443 1131 corporIs
1464 1055 1531 1115 11111
1553 1064 1636 1115 recte

299 1160 497 1237 explicantur.

342 1262 424 1319 Anni
446 1261 631 1319 evocationis
653 1278 833 1336 quamquam
861 1276 919 1317 nou
946 1277 1015 1319 raro
1037 1278 1105 1317 cum
1128 1259 1215 1317 aunis
1242 1266 1302 1317 11111
1324 1257 1449 1318 militias
1470 1258 1637 1337 caligarios

299 1381 387 1439 quam
410 1362 632 1421 centurionatus
661 1371 910 1420 connumerantur
938 1369 967 1418 et
994 1361 1122 1420 diversis
1148 1360 1210 1420 illis
1235 1359 1351 1419 militiis
1377 1360 1500 1421 Iunctus
1525 1360 1638 1423 dieitur

300 1464 476 1523 militavisse
498 1482 592 1522 annos
614 1471 672 1534 tot,
698 1463 914 1539 stipendiorum
935 1462 1110 1521 vocabulum
1133 1461 1264 1539 legitime
1285 1461 1324 1520 ad
1345 1462 1552 1521 evocationem
1574 1483 1635 1523 non

299 1562 465 1643 pertinet1)
492 1566 604 1641 quique
626 1582 721 1624 annos
755 1564 939 1622 evocationis
972 1572 1120 1636 numerat,
1148 1572 1201 1621 aut
1228 1563 1271 1623 ait
1295 1574 1450 1623 evocatum
1478 1581 1512 1623 se
1538 1565 1637 1626 fuisse

299 1685 395 1726 annos
415 1665 499 1741 toti)
522 1676 573 1725 aut
598 1674 734 1725 numerat
759 1667 902 1742 stipendis
928 1664 1110 1740 evocat—teci)
1132 1671 1184 1723 aut
1208 1664 1335 1740 denique
1359 1664 1522 1741 caleant).
1567 1665 1637 1727 Hoc

301 1787 369 1827 cum
392 1768 599 1840 observabam,
622 1768 720 1827 erravi
742 1768 810 1826 inde
832 1766 862 1824 id
884 1776 1032 1842 repetens,
1053 1768 1134 1843 quod
1155 1765 1258 1825 salarii
1276 1766 1399 1825 verbnm
1420 1766 1575 1827 honestius
1596 1770 1639 1828 sit

302 1888 391 1946 quam
414 1870 611 1945 stipendium
640 1889 708 1928 nam
730 1869 896 1928 centurioni
918 1884 1050 1943 quoque,
1072 1868 1123 1943 qui
1145 1874 1270 1927 evocato
1293 1867 1467 1927 honoratior
1488 1877 1551 1943 est,
1573 1890 1639 1929 non

303 1971 415 2030 salaria
437 1970 554 2041 dantur,
577 1971 630 2029 sed
653 1970 801 2048 stipendia
823 1969 939 2030 seilicet
952 1969 1163 2028 centurionica.
1197 1969 1292 2028 Immo
1306 1969 1470 2047 explicatio
1489 1970 1562 2029 inde
1583 1991 1640 2050 pe·

300 2072 390 2130 tenda
414 2079 473 2141 est,
500 2073 580 2147 quod
602 2072 704 2130 salarii
733 2071 908 2130 vocabulum
934 2072 990 2130 hac
1016 2079 1095 2130 certe
1120 2079 1218 2130 aetate
1245 2071 1331 2130 civile
1358 2079 1406 2130 est
1431 2080 1465 2130 ut
1491 2073 1641 2150 stipendii

302 2173 441 2244 militare,
464 2183 493 2232 et
514 2184 676 2251 usurpatur
690 2174 752 2231 fere
774 2172 811 2230 de
829 2172 1040 2232 adsessoribus
1061 2182 1092 2231 et
1113 2173 1334 2249 professoribus
1356 2182 1386 2231 et
1407 2173 1541 2234 medicis.
1573 2176 1639 2234 Ita·

303 2294 361 2352 que
383 2284 496 2334 certum
519 2275 547 2333 id
570 2275 710 2333 indicium
734 2284 779 2333 est
800 2283 942 2334 evocatos
964 2282 996 2332 ut
1017 2275 1081 2333 iure
1103 2274 1222 2347 milites,
1243 2275 1286 2333 ita
1306 2295 1339 2334 re
1354 2283 1488 2334 versatos
1509 2293 1580 2337 ease
1604 2278 1639 2336 in

302 2380 404 2439 officio
426 2398 484 2437 non
508 2377 638 2437 militari.

344 2479 434 2554 Quod
457 2480 493 2538 de
510 2478 668 2555 stipendiis
684 2478 806 2548 obtinet,
829 2478 958 2536 fortasse
973 2477 1010 2535 ad
1026 2477 1152 2555 caligam
1167 2495 1286 2554 quoque
1301 2479 1447 2555 pervenit.
1469 2476 1551 2539 Sane
1564 2482 1642 2541 cali·

303 2582 364 2659 gati
383 2582 519 2658 gregales
534 2590 618 2651 sunt;
641 2588 673 2637 at
686 2580 787 2638 militia
801 2583 831 2636 iu
845 2581 950 2656 caliga,
973 2587 1116 2654 quantum
1132 2579 1203 2651 vidi,
1225 2597 1373 2655 nusquam
1389 2581 1554 2655 opponitur
1567 2600 1643 2643 cen·

304 2684 476 2754 turionatui,
498 2682 551 2742 sad
574 2681 632 2739 soli
651 2681 818 2739 evocationi
828 2680 868 2755 ⁵),
891 2699 986 2756 neque
1000 2681 1100 2757 Inepte
1115 2688 1261 2739 statuetur
1276 2682 1476 2742 centurionem
1490 2693 1524 2743 et
1537 2683 1641 2760 Ipsum

304 2786 402 2862 caliga
424 2803 511 2843 usum
533 2802 612 2854 esse,
634 2791 791 2841 evocatum
814 2781 913 2841 calceo
929 2782 1077 2842 communi
1092 2791 1123 2841 et
1135 2782 1205 2843 inde
1219 2800 1284 2841 eam
1299 2783 1480 2844 locutionem
1493 2784 1643 2846 derivari.

346 2885 453 2962 Neque
475 2886 564 2944 aliam
586 2885 623 2943 ob
647 2901 768 2942 causam
791 2884 898 2959 opinor
920 2892 1055 2957 evocato,
1082 2903 1148 2943 oum
1170 2884 1250 2943 dona
1271 2885 1414 2944 militaria
1435 2886 1559 2965 accipit,
1588 2907 1642 2948 uo·

303 3006 379 3047 roua
401 2988 467 3046 sola
489 2987 575 3045 datur
598 2985 639 3062 (p.
660 2985 746 3061 146),
777 3005 837 3045 non
862 2985 1013 3044 adduntur
1033 3004 1111 3061 quae
1133 2986 1171 3043 ob
1192 3004 1255 3045 rem
1278 2987 1417 3046 manibus
1436 2997 1554 3066 gestam
1578 2998 1644 3051 11111

303 3089 418 3165 gregali
441 3108 530 3165 quam
553 3088 720 3146 centurioni
741 3087 806 3144 dari
829 3086 928 3145 solent
949 3098 1073 3164 torques
1096 3088 1232 3146 armillae
1253 3088 1405 3164 phalerae.

346 3188 432 3249 Duce
454 3208 572 3266 quoque
595 3208 647 3247 our
668 3189 783 3247 evocati
805 3188 970 3260 caruerint,
995 3189 1028 3246 id
1050 3190 1130 3266 quod
1155 3189 1265 3249 iactum
1286 3207 1356 3250 esse
1382 3208 1476 3268 supra
1495 3192 1642 3267 vidImus,

304 3291 364 3349 iam
386 3291 578 3368 explanatum
600 3297 656 3349 est.

346 3391 485 3469 Denique
511 3411 578 3450 cum
606 3394 691 3471 origo
718 3403 906 3451 evocatorum
934 3411 973 3450 ex
998 3392 1132 3452 exercitu
1159 3394 1274 3453 urbano
1301 3411 1394 3472 supra
1422 3396 1564 3473 exposita
1590 3399 1641 3471 sit,

306 3512 383 3552 nunc
404 3495 469 3552 eius
491 3494 533 3553 rei
562 3511 653 3552 causa
680 3492 763 3552 reddi
789 3502 896 3570 potest
945 3492 1025 3552 Nam
1052 3512 1117 3552 cum
1145 3504 1243 3555 aetate
1268 3497 1462 3573 imperatoria
1486 3500 1642 3576 permulta

305 3596 425 3672 negotia
447 3613 515 3654 vere
536 3595 648 3654 indolis
671 3596 769 3654 civilis
792 3602 821 3654 et
842 3596 913 3654 olim
936 3616 955 3653 a
976 3595 1094 3672 cingulo
1116 3596 1215 3655 aliena
1236 3616 1289 3674 per
1311 3597 1420 3657 milites
1445 3598 1642 3660 adrnInistra·

304 3695 459 3773 renturi),
488 3715 537 3756 res
559 3698 602 3755 ita
624 3705 789 3773 temperata
813 3706 872 3768 est,
900 3707 932 3755 ut
958 3704 1129 3756 arcerentur
1154 3698 1193 3756 ab
1219 3698 1257 3756 iis
1285 3698 1395 3758 milites
1421 3701 1641 3777 provincialem

366 3923 389 3987 ι)
410 3926 483 3977 Duos
502 3928 589 3977 titulos
609 3929 710 3992 repperi
729 3926 825 3989 c.V1,
846 3928 914 3977 3411
937 3935 962 3977 et
980 3928 1015 3988 X,
1036 3927 1106 3977 3417
1136 3927 1217 3978 intimi
1236 3927 1336 3979 ordinis
1354 3936 1489 3997 utrumque
1507 3931 1643 3997 1111111611

307 4018 421 4083 gregalia
439 4027 466 4067 et
484 4021 616 4070 evocativa
635 4019 765 4069 communi
783 4019 969 4084 stipendiorum
989 4018 1114 4069 vocabulo
1132 4028 1355 4082 connumerantes,
1373 4035 1456 4073 annos
1477 4025 1644 4077 evocationis

310 4110 352 4173 qui
372 4110 501 4174 stipendia
519 4111 587 4161 nude
606 4112 719 4176 appellet
737 4111 843 4160 nullum.

366 4196 391 4264 ²)
412 4201 442 4252 (l.
460 4203 505 4264 VI,
526 4205 605 4254 2440.
627 4204 707 4253 2443.
728 4200 808 4252 2530.
830 4203 909 4253 2725.
948 4201 1029 4252 Orell.
1050 4202 1129 4252 3547.

363 4293 388 4356 ³)
408 4295 504 4355 (1.111,
532 4295 617 4356 2578,
648 4295 691 4344 ubi
717 4300 880 4359 opponuntur
904 4293 1032 4360 stipendio
1049 4293 1183 4343 militaria.
1230 4293 1377 4346 Brambacb
1397 4298 1464 4347 7171
1488 4296 1644 4365 strideadie)

305 4382 412 4448 XLVI,
433 4384 577 4446 militaria)
597 4382 677 4448 XVI,
703 4387 835 4437 curatoria
852 4383 1045 4448 veleran(orum)
1065 4384 1140 4446 1111,
1165 4387 1296 4436 evocatiea
1314 4384 1373 4448 111,
1398 4394 1531 4453 praeterea
1551 4398 1644 4441 centu·

306 4477 413 4526 rionics.
435 4505 468 4514 -
489 4477 625 4541 Stipendia
643 4485 701 4541 post
720 4479 877 4539 missionem,
898 4492 962 4543 quae
983 4478 1112 4528 contraria
1130 4485 1197 4538 sunt,
1216 4493 1268 4528 nou
1287 4485 1357 4528 recte
1369 4478 1528 4532 Schmidtius
1547 4497 1575 4547 p.
1587 4484 1645 4535 334

307 4566 392 4617 effecit
410 4584 441 4617 ex
462 4569 536 4617 titulo
556 4568 683 4619 Africano
703 4569 733 4620 C.
746 4569 822 4630 VIII,
843 4570 924 4630 2361,
944 4584 1026 4619 annos
1046 4570 1112 4619 vitae
1133 4584 1190 4619 oum
1208 4569 1342 4634 stipendiis
1361 4571 1531 4623 contundens.

365 4656 390 4719 ⁴)
412 4657 442 4708 C.
454 4659 501 4719 VI,
522 4660 601 4709 2495.
622 4660 702 4711 2589.
724 4660 805 4711 3419.

368 4748 392 4810 ⁸)
413 4749 442 4800 C.
457 4749 505 4811 v1‚
526 4751 606 4801 2440.
644 4752 692 4811 IX,
714 4751 794 4802 5640.
833 4751 913 4804 Orell.
936 4753 1014 4803 1646.
1054 4752 1138 4817 Supra
1156 4769 1182 4818 p.
1198 4753 1231 4802 57
1250 4769 1276 4803 n.
1292 4754 1353 4805 148.

365 4839 389 4901 ⁶)
409 4842 545 4903 Quaenam
566 4857 597 4892 ea
615 4842 711 4892 suerint
729 4843 778 4893 hoc
805 4843 863 4894 loco
894 4859 941 4910 ego
965 4861 1016 4895 non
1040 4859 1164 4910 exequar;
1194 4845 1240 4895 sed
1264 4845 1320 4908 ipss
1345 4860 1387 4896 res
1412 4845 1491 4912 digua
1512 4854 1554 4898 est
1576 4864 1647 4915 quse

307 4934 442 4997 diligenter
460 4940 594 4995 tractetur,
618 4941 763 4998 exponatur
786 4935 896 4998 seilicet,
928 4938 1039 5001 exempli
1059 4951 1135 4988 causa
1160 4937 1187 4986 in
1206 4950 1235 4986 re
1255 4939 1385 4987 mansoria
1409 4937 1451 4989 vel
1472 4938 1647 4991 humanust}

308 5026 437 5089 principes
455 5041 520 5091 quos
539 5025 669 5075 adiutores
688 5025 852 5077 adhibuerim
871 5035 896 5077 et
919 5036 1043 5094 quatenus
1068 5029 1179 5079 militare
1203 5028 1315 5080 officium
1338 5030 1372 5080 ad
1398 5031 1503 5101 negotia
1525 5029 1575 5083 illa
1596 5044 1647 5083 su

306 5124 397 5167 natura
416 5131 580 5183 nequaquam
603 5118 741 5169 castrensia
762 5118 912 5171 translatum
931 5120 972 5174 sit.
