3450 5828
195 528 311 576 rio-711
528 488 531 493 ’
654 524 855 577 rnovrnom
882 524 1058 578 nuruum.
1454 503 1526 575 393

194 700 254 757 iarn
276 700 384 759 habere
407 717 463 758 nos
486 718 580 775 paene
603 700 846 778 redintegratum.
881 701 1031 760 Fecerunt
1046 700 1226 760 tabularium
1242 699 1378 777 optiones
1396 700 1529 776 quinque

196 802 327 860 cohortis
342 803 456 878 primae
471 803 634 861 enumerati
649 804 679 861 in
694 803 889 880 inscriptione
904 804 1056 879 primaria,
1069 804 1152 862 cuiue
1164 821 1241 880 quae
1252 803 1397 878 proposui
1410 803 1529 880 supple-

196 913 296 962 menta
316 904 395 978 Eph.
411 903 456 962 IV
478 925 507 981 p.
522 903 581 962 227
604 906 663 963 iam
686 906 909 976 confirmantur,
931 905 1192 982 confirmaturque'
1202 905 1273 964 item
1288 925 1354 964 cum
1371 906 1427 963 hoc
1442 905 1530 963 titulo

196 1015 257 1064 turn
279 1006 374 1064 altero
396 1006 537 1065 tabularii
559 1008 726 1078 instaurati,
748 1007 779 1065 id
802 1007 882 1085 quod
904 1007 999 1066 multo
1022 1008 1144 1066 maioris
1162 1007 1305 1066 momenti
1320 1015 1375 1079 est,
1397 1025 1467 1066 vere
1483 1026 1529 1066 me

195 1108 214 1166 l.
228 1128 253 1166 c.
276 1109 414 1184 posuisse
438 1110 551 1186 primae
573 1109 687 1167 cohorti
710 1110 840 1185 quinque
861 1117 976 1168 tantum
998 1099 1187 1169 centuriones
1210 1109 1377 1186 praefuisse
1403 1109 1529 1168 nullum-

196 1228 254 1285 que
277 1210 308 1268 in
330 1230 366 1269 ea
386 1210 480 1270 inisse
502 1210 595 1288 pilum
618 1211 824 1286 posteriorem.
862 1210 942 1270 Nam
964 1230 1041 1288 quae
1063 1230 1102 1269 ex
1123 1213 1180 1270 hoc
1202 1210 1288 1269 titulo
1304 1211 1341 1269 de
1356 1211 1529 1287 optionibus

196 1312 384 1389 colliguntur,
407 1314 470 1388 pari
494 1314 557 1371 iure
580 1312 619 1370 ad
641 1313 827 1372 centuriones
851 1331 969 1390 quoque
990 1314 1166 1373 referentur.
1191 1313 1336 1372 —Idem
1351 1312 1529 1372 tabularium

196 1414 363 1473 refecerunt
377 1414 492 1487 deinde,
515 1424 590 1474 teste
613 1415 698 1472 titulo
721 1415 887 1490 posteriore
904 1415 1044 1492 bipertito
1061 1415 1211 1492 adscripto
1234 1415 1271 1474 ad
1293 1416 1389 1474 latera
1410 1416 1529 1493 prioris,

196 1527 312 1593 praeter
335 1518 498 1595 principem
521 1519 656 1594 optiones
679 1517 811 1574 cohortis
835 1517 959 1591 primae,
986 1516 1099 1577 scilicet
1120 1517 1251 1594 quinque
1273 1519 1294 1576 ii
1316 1517 1366 1593 qui
1389 1517 1529 1594 deinceps

197 1627 420 1691 enumerantur,
449 1627 479 1676 et
501 1619 666 1689 adiutores,
694 1618 808 1676 scilicet
830 1618 888 1676 duo
917 1619 1033 1678 librarii
1060 1620 1204 1696 principis
1231 1621 1261 1677 in
1287 1619 1346 1678 line
1374 1619 1529 1697 adscripti.

196 1719 366 1778 Librarium
389 1721 533 1796 principis
559 1738 700 1779 noramue
727 1739 765 1778 ex
792 1720 880 1779 titulo
904 1723 1152 1799 Argentoratensi
1174 1720 1370 1780 Henzeniano
1392 1741 1420 1780 n.
1438 1722 1530 1795 6778,

198 1821 361 1880 adiutorem
383 1823 526 1899 principis
549 1841 587 1881 ex
610 1819 734 1881 anensi
749 1821 836 1894 VIII,
857 1821 938 1881 4332
967 1822 1019 1898 (ci.
1042 1823 1119 1901 Eph.
1136 1823 1181 1882 IV
1204 1842 1233 1900 p.
1251 1821 1342 1898 232);
1370 1824 1429 1882 iam
1451 1825 1528 1884 relu-

198 1931 261 1982 tata
275 1925 445 1983 coniectura
466 1943 533 1982 mea
555 1924 591 1983 de
613 1924 661 1983 his
677 1924 863 1983 adiutoribus
885 1925 1004 2001 prolata
1025 1925 1044 1983 l.
1061 1945 1085 1984 c.
1102 1945 1130 2003 p.
1144 1923 1204 1984 228
1229 1927 1394 1985 adiutorem
1410 1945 1477 1985 eum
1500 1935 1530 1986 et

196 2025 351 2084 librarium
368 2047 434 2086 eum
457 2046 515 2086 uon
531 2028 589 2086 nisi
604 2028 721 2086 nomine
736 2027 854 2085 differre
870 2028 1062 2104 intellegitur.
1096 2028 1179 2087 Bene
1194 2037 1292 2087 autem
1308 2029 1423 2088 monuit
1436 2029 1529 2087 Poul-

196 2126 254 2186 lius
269 2129 310 2186 Μ.
321 2128 477 2187 Aurelium
492 2128 649 2202 Licinium,
665 2147 754 2205 quem
768 2129 816 2187 hic
831 2130 975 2188 habemus
991 2130 1068 2188 inter
1079 2131 1215 2207 optiones
1232 2132 1364 2207 quinque
1379 2132 1430 2207 qui
1445 2132 1530 2191 tabu-

196 2229 304 2289 larium
328 2232 502 2304 refecerunt‚
525 2233 621 2290 redire
643 2232 673 2289 iu
697 2229 882 2291 Gemellenei
904 2252 933 2290 n.
951 2230 1032 2292 2482
1054 2233 1125 2291 anni
1140 2231 1199 2291 253
1207 2253 1216 2303 ;
1242 2233 1268 2290 is
1291 2251 1356 2291 cunr
1379 2233 1529 2310 optionem

196 2333 342 2409 principis
364 2333 514 2393 diversum
537 2334 678 2405 nominet,
700 2333 849 2392 Licinium
874 2342 973 2393 autem
996 2333 1072 2393 nude
1087 2333 1248 2410 optionem,
1272 2343 1340 2393 ante
1355 2333 1530 2414 Lambaesi·

197 2441 315 2505 tanum,
344 2437 397 2494 sed
419 2455 477 2494 non
504 2437 598 2494 multo
625 2444 693 2494 ante
720 2435 872 2495 dedicatus
900 2437 940 2495 sit
967 2454 1090 2496 necesse
1117 2446 1172 2495 est.
1220 2436 1326 2513 Itaque
1349 2437 1530 2496 instauratio

197 2536 338 2595 tabularii
353 2535 577 2597 Lambaesitani
594 2539 752 2596 coniuncta
765 2537 831 2596 fuit·
843 2556 910 2596 cum
929 2539 1117 2598 restitutione
1132 2538 1257 2616 legionis
1271 2539 1368 2616 ipsius
1384 2539 1463 2598 iacta
1476 2540 1529 2598 im-

197 2649 320 2714 perante
335 2639 497 2699 Valeriano
520 2651 549 2698 et
570 2659 641 2717 pars
664 2641 726 2699 eius
749 2649 779 2699 et
801 2641 933 2716 sequela.
981 2640 1117 2700 Titulnm
1140 2642 1316 2716 primarium
1342 2642 1446 2700 eodem
1467 2641 1530 2700 fere

198 2748 330 2818 tempore
353 2743 497 2818 scriptum
519 2761 587 2801 esse
609 2753 699 2818 atque
722 2763 749 2801 n.
767 2741 858 2814 2554,
882 2743 993 2819 quippe
1014 2743 1045 2801 in
1067 2761 1126 2819 quo
1148 2744 1272 2802 redeant
1292 2743 1384 2802 iidem·
1397 2744 1530 2820 quinque

197 2844 346 2917 optiones,
369 2845 440 2903 olim
463 2845 654 2905 observatum
669 2853 730 2917 est;
753 2845 872 2921 quando
887 2843 990 2923 scripti
1006 2845 1077 2918 sint,
1099 2845 1196 2905 adhuc
1210 2845 1374 2922 ignoratur.
1402 2845 1461 2905 Tu.
1474 2844 1529 2922 M.]

201 3036 479 3047 ———————--—-—-—-
488 3039 709 3047 ...Ἤ

201 3180 266 3241 tto
288 3181 319 3241 in
334 3201 387 3240 ara
409 3185 471 3241 alta
493 3202 531 3241 m.
550 3183 628 3255 1,04,
651 3183 713 3243 lata
734 3184 816 3257 0,86,
838 3201 942 3244 crassa
956 3185 1038 3257 ost,
1059 3174 1116 3244 litt.
1133 3184 1218 3258 0‚11;
1242 3186 1354 3246 effossa
1367 3185 1531 3247 Lambaesi

241 3285 279 3343 ad
301 3287 492 3360 praetorium.

769 3389 789 3429 n
832 3389 850 3428 n
893 3392 912 3429 n

732 3488 1000 3532 DISCIPLlNAE

198 3632 365 3706 DescrIpsi.
409 3631 514 3689 Poulle
536 3650 593 3691 rec.
617 3635 651 3691 cle
674 3632 769 3691 Coast.
786 3633 882 3690 XXII
906 3633 1015 3709 (1883)
1039 3655 1066 3711 ρ.
1085 3634 1144 3694 369
1167 3653 1196 3692 n.
1215 3635 1284 3694 119.

243 3732 363 3792 Similes
387 3741 456 3792 sunt
479 3733 743 3805 n.9832.10657,
765 3736 835 3792 item
859 3735 1031 3794 Britannica
1046 3735 1116 3808 VII,
1140 3736 1210 3796 836.

202 4033 259 4093 711
287 4055 348 4110 rep.
370 4035 527 4095 Lambaesi
551 4037 587 4093 ad
611 4037 791 4112 praetorium
815 4037 956 4097 Pomm.
1000 4037 1090 4096 'Nunc
1113 4039 1143 4096 in
1165 4038 1231 4113 ipso
1258 4039 1406 4113 praetorio
1429 4038 1530 4097 adser-

243 4147 336 4194 vatur.

773 4240 792 4279 o
816 4240 831 4279 ε
855 4240 875 4279 Ν
900 4243 907 4280 1
932 4239 953 4280 o

772 4342 954 4382 TABVLo

774 4443 953 4484 PRlNCc

773 4547 841 4586 Ml
881 4546 954 4585 ΝΕ

712 4651 721 4683 t
774 4648 847 4687 RV
883 4649 954 4687 ΑΕ

774 4749 955 4790 AVGVS
1024 4763 1026 4767 ⁴

201 4892 365 4966 Descripsi.
410 4890 516 4949 Poulle
538 4911 593 4949 rec.
618 4895 652 4949 de
678 4892 772 4950 Cenat.
789 4893 884 4950 XXII
908 4893 1018 4969 (1883)
1041 4914 1069 4970 p.
1087 4894 1148 4952 367
1169 4913 1197 4953 n.
1217 4897 1284 4954 114.

243 4992 447 5067 [Tabularium
471 5005 499 5050 et
520 5013 585 5050 oum
609 5013 644 5051 eo
667 4996 824 5053 coniuncta
846 4995 965 5070 negotia
987 4996 1112 5072 principi
1135 4997 1263 5072 legionis
1282 4998 1441 5055 commissa
1462 5014 1530 5056 esso

199 5095 318 5152 aliunde
340 5113 457 5170 quoque
481 5097 649 5168 constabat3
675 5117 701 5155 v.
719 5116 796 5173 quae
812 5098 937 5174 exposui
961 5098 990 5155 in
1014 5099 1068 5156 hac
1083 5097 1160 5175 liph.
1178 5098 1223 5157 IV
1245 5119 1274 5176 p.
1292 5098 1361 5158 232.
1395 5099 1531 5157 Minerva

198 5197 255 5253 dea
277 5206 323 5253 est
346 5206 377 5255 ut
398 5198 595 5257 litteratorum
619 5200 661 5257 ita
684 5200 856 5258 scribarum.
891 5199 951 5257 ΤΗ.
967 5199 1022 5276 Μ.]

283 5317 319 5374 v.
1266 5321 1304 5404 nc
