3450 5828
145 519 179 568 15
713 519 914 571 sucrr'rvs.
1428 499 1469 571 11
1551 580 1554 587 ,

148 678 179 748 δὲ
200 683 249 748 καὶ
271 685 369 775 ὓδριῖα
389 680 641 749 κατοσκενοῖκασνν
662 683 818 774 ὄρνξαντος
838 687 911 751 πολὺ
933 684 1040 759 βάθος
1059 683 1106 750 καὶ
1121 691 1218 750 ἐκτῶν
1233 683 1476 776 ον’ρανῖωνκαῖπορ

147 779 236 851 ὄντων
251 785 376 851 σπανίων
392 784 467 863 ὅμως
482 787 641 875 δοξαμονᾶς
655 787 827 865 πεποίηνται.
857 796 1027 874 Xenophon
1041 795 1193 873 Ephesius
1209 796 1238 869 4,
1254 794 1289 853 2:
1312 794 1351 856 sic
1364 784 1477 852 Κᾶπτον

147 886 286 980 ἔρχονται
307 887 478 955 ....noitd
500 891 558 980 'peip
579 891 697 968 πλῆθος
718 891 842 980 ἔμπορον
862 891 894 955 ri
917 891 1043 955 δνοδαῖον
1063 886 1097 967 ἦν
1116 899 1172 955 τοῖν
1196 921 1227 955 τε
1252 892 1300 954 in'
1321 889 1478 955 Αἰθιοπίαν

152 989 201 1056 καὶ
222 999 277 1055 τοῖν
297 987 342 1055 ἐπὶ
353 991 474 1068 ’libido
495 988 665 1072 aemulorum
695 999 812 1058 Plinius
823 1001 851 1058 b.
864 1018 892 1058 n.
906 1000 933 1072 5,
947 1000 975 1071 2,
989 999 1043 1058 60:
1070 997 1173 1077 Coptos
1188 1000 1354 1059 Indicarum
1369 998 1477 1057 Arabi-

151 1120 304 1178 cae-umque
324 1105 457 1159 mercium
471 1101 542 1158 Nilo
559 1106 720 1176 proximum
742 1105 902 1179 emporium.
945 1102 973 1174 6,
989 1101 1038 1174 23,
1057 1099 1130 1159 102:
1152 1121 1172 1159 a
1188 1101 1276 1178 Copto
1292 1103 1406 1160 camelis
1421 1105 1479 1160 itur

152 1208 338 1281 aquationum
359 1206 467 1261 ratione
488 1203 680 1262 mansionibus
701 1206 865 1280 dispositis:
884 1208 982 1281 prima
1001 1203 1168 1280 appellatur
1181 1186 1478 1279 Hydreuma-XXII]

153 1307 279 1366 secundo
299 1310 330 1364 iu
351 1315 442 1363 monte
463 1306 522 1363 diei
542 1309 657 1364 itinere.-
678 1309 761 1364 tertia
784 1310 813 1364 in
834 1307 923 1365 altaro
939 1306 1133 1381 Hydreumate
1154 1325 1173 1363 a
1196 1285 1481 1381 Copto—LXXXV}

154 1410 255 1467 deiude
275 1411 305 1467 in
326 1417 433 1466 monte:
454 1426 518 1465 mcc
539 1408 580 1465 ad
593 1407 761 1485 Hydreuma
776 1407 922 1484 Apollinis
936 1427 955 1465 a
972 1407 1059 1484 Copto
1070 1391 1297 1467 OLXXXIIII
1304 1428 1313 1463 :
1335 1424 1435 1464 rursus
1450 1409 1479 1464 in

153 1522 261 1569 monte.-
280 1529 345 1568 moa
365 1511 407 1568 ad
423 1528 524 1567 nouum
539 1509 709 1584 Hydreuma
723 1531 742 1568 a
760 1508 849 1586 Copto
867 1493 998 1570 OOXX:
1019 1521 1060 1570 est
1073 1520 1099 1569 et
1112 1511 1197 1569 aliud
1209 1510 1378 1588 Hydreuma
1392 1518 1479 1578 octus,

158 1614 375 1689 Troqodqticum
400 1610 590 1688 appellatum,
623 1613 673 1670 ubi
700 1614 881 1688 praesidium
908 1615 1026 1673 excubat
1051 1613 1222 1673 deverticulo
1250 1614 1336 1670 duum
1363 1611 1481 1681 milium,

155 1718 245 1775 dictat
266 1734 285 1772 a
298 1733 369 1773 πονο
383 1714 578 1791 Hydreumate
596 1698 676 1774 VII:
698 1717 763 1774 inde
777 1715 913 1774 Berenice
932 1717 1078 1792 oppidum,
1100 1716 1150 1773 ubi
1160 1725 1262 1793 portus
1277 1715 1370 1773 Rubri
1383 1716 1482 1782 maris,

156 1838 176 1876 a
192 1817 279 1895 Copto
295 1800 482 1892 Wlp.
516 1816 703 1876 Itinerarium
720 1819 864 1876 Antonini
886 1839 916 1897 p.
932 1818 986 1877 171
1005 1818 1200 1894 similiterque
1214 1817 1481 1894 Peutingerenum:

157 1941 177 1979 a
197 1919 286 1996 Copto
303 1919 462 1977 Beroniccn
483 1937 573 1994 usque
592 1939 629 1977 m.
648 1939 680 1994 p.
700 1917 781 1976 CCL
790 1920 872 1979 VIII
889 1924 945 1980 cic:
968 1963 1024 1980 ...
1044 1922 1177 1998 Compasi
1199 1919 1362 1995 (Conpaein
1380 1915 1482 1992 Pent.)

158 2020 379 2098 ...Apollonos
395 2053 434 2064 -
452 2021 587 2081 XXVII
600 2055 640 2064 —
658 2019 778 2080 Cabalsi
800 2020 919 2097 (Ceben
933 2022 1044 2098 Pecu).
1068 2057 1105 2066 -
1123 2022 1257 2081 XXVII
1269 2052 1307 2064 -
1326 2021 1419 2082 Cenon
1434 2020 1483 2096 liq-

158 2127 274 2184 dreumo
289 2156 329 2168 -
346 2123 468 2182 XVIII
480 2155 518 2166 -
534 2124 702 2182 Berenicen.
732 2123 833 2195 Lucci,
855 2126 968 2184 scilicet
988 2127 1135 2184 cisternae
1148 2142 1283 2201 magnae,
1305 2124 1368 2182 sive
1385 2112 1482 2201 dipsi-

156 2249 236 2296 ματα
257 2237 421 2298 auctorum,
442 2245 509 2285 cum
530 2227 567 2285 ab
589 2227 695 2285 iisdem
717 2227 768 2303 qui
790 2245 866 2304 opus
890 2228 1063 2305 primarium
1084 2228 1217 2286 fecerunt
1230 2225 1372 2283 militibus
1394 2224 1483 2283 labri·

157 2329 217 2389 cati
239 2329 300 2389 sint
320 2336 380 2386 tam
402 2329 433 2386 in
452 2330 597 2404 portubus
612 2329 728 2389 duobus
742 2329 916 2389 Berenicide
930 2341 959 2390 et
974 2330 1158 2408 Myoshormi
1174 2346 1262 2405 quam
1277 2327 1307 2385 in
1323 2327 1486 2385 mansioni-

157 2433 215 2491 bus
237 2431 351 2490 duabus
373 2431 439 2489 viae
455 2428 553 2508 Copto
568 2431 783 2504 Berenicidem‚
806 2433 973 2509 Apollonos
995 2444 1025 2492 et
1040 2431 1193 2508 Compasi,
1215 2430 1386 2506 primarium
1409 2446 1485 2505 opus

158 2534 233 2593 illud
255 2534 365 2592 luerint
386 2551 509 2592 necesse
530 2543 576 2593 est
602 2535 667 2592 viae
693 2534 769 2592 duae
796 2552 815 2591 a
836 2535 907 2594 Nilo
936 2536 1077 2594 ducentes
1105 2535 1143 2592 ad
1171 2543 1274 2610 portus
1302 2531 1377 2591 duos
1404 2531 1485 2590 sinus

159 2636 290 2695 Arabici.
333 2635 395 2694 Eas
416 2637 506 2714 igitur
527 2637 592 2694 vias
614 2639 770 2713 Augustus
793 2637 905 2707 refecit,
928 2638 1038 2714 pariter
1061 2647 1150 2713 atque
1172 2655 1261 2712 opere
1282 2634 1405 2692 militari
1424 2632 1486 2692 Nili

159 2738 260 2798 fossus
276 2738 414 2814 purgavit
434 2735 609 2813 (Suetonius
623 2740 702 2817 Aug.
721 2740 775 2812 183
797 2741 835 2799 cl.
849 2739 911 2798 Dio
926 2740 976 2812 51,
994 2738 1055 2815 18).
1089 2738 1212 2797 Titulus
1228 2747 1325 2795 autem
1341 2735 1487 2793 eiusmodi

162 2840 263 2919 operis
285 2840 346 2899 alio
368 2839 434 2898 loco
457 2840 539 2899 nullo
561 2842 703 2902 collocari
725 2843 824 2920 potuit
847 2859 937 2918 quarn
964 2842 995 2900 in
1024 2841 1121 2918 capite
1148 2840 1262 2897 viarum
1289 2838 1429 2908 duarum,
1456 2837 1488 2895 id

163 2951 211 3002 est
236 2940 335 3018 copti.
383 2940 489 3019 Neque
516 2944 665 3018 perspicio
691 2963 744 3002 cnr
770 2944 981 3019 Desjardinius
1009 2943 1051 3019 (p.
1074 2941 1148 3018 218)
1181 2948 1294 2999 statuat
1322 2959 1390 2997 eum
1416 2939 1487 2997 olim

165 3045 334 3123 prostitisse
359 3044 390 3102 in
416 3044 518 3120 aliqua
543 3045 730 3104 mansionum
753 3065 869 3118 earum,
904 3047 955 3105 ubi
980 3045 1080 3103 laccos
1108 3062 1140 3103 se
1172 3043 1281 3102 fecisse
1314 3041 1424 3101 milites
1456 3041 1487 3098 in

163 3147 296 3207 acaurio
319 3145 465 3217 scribunt,
493 3156 523 3204 et
543 3145 612 3204 inde
634 3145 763 3224 Coptum
786 3149 886 3206 nescio
908 3147 1057 3224 quomodo
1080 3146 1212 3205 adlatum
1239 3162 1320 3216 esse3
1348 3162 1407 3202 non
1433 3142 1487 3220 hy·

163 3249 325 3309 dreumstis
346 3247 500 3306 cuiusdam
523 3248 639 3307 titulum
663 3268 718 3309 nos
734 3259 875 3323 tenemus,
899 3251 951 3308 sed
974 3250 1103 3308 universi
1126 3249 1237 3326 operis,
1259 3249 1343 3307 cuius
1362 3246 1488 3325 hydreu-

163 3361 245 3411 mate
266 3352 319 3411 illa
340 3369 411 3427 pars
433 3358 547 3409 tantum
570 3363 599 3410 et
619 3352 741 3428 sequela
761 3353 889 3411 fuerunt.

206 3452 315 3514 Castra
335 3471 455 3529 quoque
477 3450 564 3529 Copti
587 3454 666 3512 lacta
688 3465 758 3512 sunt
780 3455 846 3512 viae
867 3455 1008 3513 tutandae
1016 3476 1024 3526 ;
1059 3473 1126 3512 nam
1148 3453 1228 3530 quod
1250 3452 1360 3529 legitur
1384 3452 1415 3508 in
1437 3451 1489 3508 ad·

162 3557 326 3615 ditamento
348 3556 443 3614 altero
466 3566 590 3614 castrum
612 3559 828 3633 aedificaverunt
849 3568 875 3615 et
900 3560 1055 3634 rejecerunt
1084 3557 1151 3614 loco
1178 3573 1237 3613 non
1262 3553 1429 3623 enuntiato,
1458 3552 1488 3610 in

163 3658 250 3716 titulo
267 3655 356 3733 Capti
378 3658 499 3716 invento
521 3658 587 3716 sine
609 3657 700 3717 dubio
723 3659 873 3735 significat
893 3668 992 3718 castra
1013 3659 1067 3717 illa
1088 3678 1124 3716 eo
1147 3659 1214 3734 ipso
1234 3656 1302 3714 loco
1317 3656 1396 3714 facta
1410 3672 1487 3714 esse.

165 3759 282 3834 Quibus
303 3758 397 3836 copiis
419 3760 589 3833 laetasint,
612 3779 650 3818 ex
672 3760 757 3818 titulo
778 3779 837 3818 non
860 3761 1058 3837 intellegitur3
1085 3761 1216 3818 lortasse
1238 3758 1351 3818 cohorti
1373 3756 1489 3816 cuidam

166 3862 351 3932 auxiliariae,
373 3880 441 3920 nam
464 3861 645 3938 legionariae
667 3863 704 3920 ad
727 3864 907 3938 praetorium
930 3863 991 3922 fere
1012 3863 1223 3921 retinebantur.
1266 3862 1415 3918 Auctores
1439 3859 1490 3934 qui

165 3974 327 4041 supersunt
347 3971 513 4023 castrorum
528 3962 756 4042 Coptitanorum
779 3966 951 4024 memoriam
974 3965 1087 4023 nullam
1111 3971 1267 4023 servarunt
1288 3980 1382 4037 neque
1401 3979 1440 4017 ex
1454 3978 1490 4016 eo

165 4067 232 4125 solo
261 4067 337 4126 tituli
364 4066 490 4125 militum
518 4067 573 4125 ulli
599 4067 772 4144 prodierunt
800 4068 857 4126 hoc
886 4077 1020 4145 excepto.
1075 4064 1191 4140 Quarto
1223 4066 1342 4123 demum
1369 4062 1490 4121 saeculo

165 4179 292 4227 exeunte
313 4169 354 4226 ibi
377 4168 534 4228 stationem
556 4169 707 4228 habebant
727 4169 807 4247 legio
826 4169 841 4226 I
857 4170 1069 4229 Valentiniana
1089 4178 1119 4227 et
1140 4167 1254 4244 equites
1278 4165 1425 4243 sagittarii
1447 4165 1490 4223 in-

166 4272 290 4348 digenae
312 4269 397 4346 (Not.
413 4271 503 4347 Dign.
520 4269 572 4330 Or.
590 4272 638 4344 31,
655 4272 704 4330 26.
722 4271 786 4346 36).

209 4372 266 4434 Sed
288 4372 376 4450 longe
397 4372 608 4449 gravissimum
630 4383 690 4445 est,
720 4373 798 4449 quod
825 4374 904 4433 tituli
932 4375 1133 4448 patefecerunt
1158 4374 1307 4450 legionum
1329 4370 1491 4449 Aegyptia·

166 4495 268 4535 carum
290 4475 494 4535 condicionem
516 4475 693 4551 peculiarem
720 4485 750 4535 et
772 4477 808 4535 ab
834 4477 871 4534 iis
898 4484 976 4534 certe
1001 4494 1077 4552 quae
1104 4478 1134 4535 in
1157 4475 1329 4536 Occidentis
1355 4473 1491 4549 partibus

167 4579 328 4637 tendebant
348 4578 436 4653 plane
456 4577 614 4637 diversam.
659 4577 876 4638 Demonstrant
897 4597 961 4636 eam
985 4598 1062 4655 quae
1084 4579 1316 4655 subscripsimus
1343 4596 1381 4634 ex
1403 4575 1492 4633 lucer·

166 4679 234 4738 culo
256 4688 400 4758 excerpta
420 4678 459 4737 ad
479 4681 609 4757 origines
631 4681 759 4738 militum
783 4681 914 4758 digesta,
940 4682 1050 4758 quibus
1072 4682 1257 4757 interponere
1279 4679 1390 4756 placuit
1416 4696 1492 4754 quae

166 4791 321 4858 praeterea
347 4782 539 4840 innotuerunt
566 4782 602 4841 de
630 4782 767 4840 dontibus
800 4783 924 4840 militum
959 4784 1108 4862 legionum
1141 4783 1264 4841 duarum
1294 4782 1324 4839 in
1352 4782 1492 4856 Aegypto

165 4885 394 4944 consistentium
420 4883 458 4941 ad
481 4883 602 4943 Traiani
630 4903 726 4959 usque
753 4892 901 4961 tempora,
927 4886 957 4942 id
983 4897 1030 4945 est
1056 4886 1103 4943 lll
1127 4884 1323 4962 Cyrenaicae,
1350 4882 1493 4959 quamdiu

166 5006 204 5046 ea
223 4988 254 5046 in
276 4988 417 5064 Aegypto
440 4995 536 5044 castra
558 4987 669 5058 habuit,
693 4996 724 5045 et
744 4986 841 5044 Xllll
863 4987 1084 5046 Deiotarianae.
1129 4987 1293 5047 Omisimus
1315 5005 1375 5044 non
1397 4985 1493 5043 solum

163 5088 333 5166 praelectas
355 5098 387 5146 et
408 5088 541 5146 tribunos
564 5089 700 5161 militum,
723 5088 886 5147 sedetiam
911 5090 1110 5161 centurionem
1133 5110 1202 5149 nam
1224 5107 1276 5148 eos
1298 5095 1415 5147 constat
1433 5104 1493 5144 non

164 5191 270 5253 mem
292 5191 359 5272 lege
379 5191 473 5250 lectos
497 5208 562 5249 esse
585 5199 673 5268 atque
695 5190 839 5267 gregales.
