3450 5828
211 530 329 580 ser-ess
677 530 876 582 nnoruucra
902 531 1078 583 uvumm.
1469 512 1541 583 389

209 701 368 762 solvendos
391 721 458 762 esse
480 702 700 762 constituit-
723 703 761 761 27
778 705 843 763 init.
860 719 1000 775 qyrucva
1023 704 1159 765 traditur.
1176 737 1214 748 -
1236 705 1272 763 31
1291 721 1355 780 seq.
1380 707 1411 762 in
1431 707 1544 780 arpenti

210 803 286 879 (scil.
305 805 426 880 caussa)
449 804 577 881 qu(a)[e]
593 806 724 879 finienda
745 809 799 864 sit:
822 806 854 864 id
875 806 1063 865 referendum
1085 816 1138 880 est,
1162 812 1244 882 puto,
1266 805 1304 864 ad
1319 805 1429 864 iudicia
1443 812 1543 864 extra·

208 907 370 980 ordinaria,
394 926 460 965 cum
483 916 535 964 aut
557 909 726 966 summatim
748 909 985 984 cognoscebatur
1007 916 1060 965 aut
1081 906 1142 967 litis
1156 908 1375 968 contestatione
1393 915 1543 966 summota

208 1018 238 1067 et
260 1009 397 1067 omnibus
421 1009 686 1082 „frustrationibus
710 1010 889 1085 amputatis“
914 1028 1001 1087 quam
1023 1010 1177 1068 celerrime
1194 1027 1304 1069 caussa
1325 1008 1543 1069 diiudicabatur

208 1111 245 1169 cf.
261 1109 587 1186 Bethmann·Hollweg
608 1110 627 1167 l.
644 1110 663 1167 l.
687 1130 715 1186 p.
735 1111 793 1170 342
810 1129 894 1188 seqq.
928 1112 1044 1171 Merces
1060 1111 1201 1172 statuitur
1222 1130 1276 1190 pro
1292 1112 1401 1171 officiis
1424 1111 1542 1169 univer·

208 1213 251 1271 sis
268 1213 297 1269 in
318 1213 369 1271 tali
386 1230 497 1271 caussa
517 1213 679 1289 praestitis.
696 1246 734 1255 -
758 1211 877 1272 3111111.
901 1230 956 1285 Qut
979 1213 1114 1272 traditur.
1137 1245 1176 1256 -
1200 1215 1240 1273 34
1256 1231 1338 1290 seqq.
1361 1214 1399 1271 ad
1421 1212 1541 1271 libellos

207 1314 345 1373 forenses
369 1314 548 1373 scribendos
572 1332 638 1372 cum
661 1314 832 1373 scholastici
856 1316 978 1373 omnino
1000 1332 1059 1373 non
1082 1314 1295 1374 descenderent
1316 1315 1367 1391 (cf.
1389 1314 1443 1373 1.1
1468 1312 1537 1390 §11

206 1415 246 1474 D.
270 1418 303 1473 de
325 1428 393 1474 artr.
413 1435 489 1492 copo.
515 1414 675 1491 (50,13)),
697 1416 767 1475 huic
789 1417 908 1494 negotio
931 1416 979 1474 hic
1001 1426 1159 1494 exceptores
1181 1434 1305 1476 vacasse
1328 1417 1481 1489 discimus,
1504 1416 1541 1475 de
1576 1407 1578 1411 ’

180 1510 183 1515 ’
205 1519 314 1595 quibus
336 1518 439 1576 videas
455 1517 782 1594 Bethmaun·Hollweg
804 1518 822 1576 l.
838 1518 857 1576 l.
880 1537 908 1594 p.
925 1517 982 1578 153
998 1536 1081 1595 seqq.
1114 1521 1275 1577 Annonam
1297 1537 1363 1578 cum
1380 1519 1402 1576 ii
1417 1523 1539 1577 omnino

204 1638 264 1678 non
287 1600 464 1697 acciperent,
490 1619 581 1679 lucris
605 1620 668 1678 suis
690 1620 799 1678 victum
822 1620 1016 1697 quaerebant.
1053 1621 1138 1679 Alibi
1161 1639 1263 1680 eorum
1286 1620 1353 1680 loco
1376 1620 1539 1679 tabelliones

205 1729 484 1780 commemorantur.
509 1755 547 1766 -
572 1723 609 1780 37
626 1723 675 1779 lin.
698 1740 743 1780 mo
764 1722 895 1799 lapicida
916 1722 1026 1781 omisit.
1049 1756 1090 1765 -
1113 1722 1152 1781 39
1173 1741 1237 1801 seq.
1260 1725 1291 1780 in
1313 1722 1430 1798 definita
1451 1741 1539 1781 caasa

204 1825 243 1883 cf.
259 1825 298 1882 44
320 1828 351 1882 irs
372 1825 484 1900 dejicito
505 1827 630 1900 repotia:
658 1825 677 1882 i.
693 1845 719 1883 e.
741 1843 796 1901 pro
819 1824 928 1885 officiis
951 1824 1089 1884 omnibns
1115 1825 1146 1882 in
1169 1843 1229 1882 una
1251 1841 1362 1885 caussa
1383 1841 1478 1901 usque
1500 1824 1539 1883 ad

205 1926 269 1985 eius
291 1927 380 1985 linem
402 1927 557 2003 praestitis
579 1927 617 1985 cf.
634 1943 727 2002 supra
748 1926 785 1985 ad
808 1946 855 1984 vv.
872 1926 906 1984 31
927 1943 1011 2003 seqq.
1027 1959 1067 1969 -
1090 1927 1127 1984 41
1146 1945 1229 2003 seqq.
1247 1936 1343 1986 carta:
1365 1944 1437 1985 cave
1458 1925 1538 2002 cogi-

204 2037 249 2086 tes
273 2029 309 2086 de
324 2029 525 2099 chartulariis,
549 2029 600 2105 qui
616 2049 634 2086 a
647 2029 737 2087 rebus
752 2028 923 2088 forensibus
945 2028 976 2086 in
992 2029 1163 2086 universum
1179 2028 1316 2088 videntur
1331 2028 1421 2088 alieni
1443 2028 1538 2087 fuisse

205 2130 255 2206 (cf.
278 2129 610 2207 Bethmann-Hollweg
631 2130 649 2186 l.
666 2130 686 2187 l.
709 2151 738 2207 p.
758 2114 829 2206 155>
837 2152 846 2202 3
873 2131 963 2189 immo
985 2149 1040 2205 pro
1062 2131 1165 2188 charta
1186 2132 1216 2188 in
1237 2130 1346 2189 libellis
1370 2130 1536 2190 scribendis

203 2240 379 2309 consumpta
401 2240 543 2308 qnantum
565 2254 584 2290 a
598 2232 784 2308 litigantibus
807 2232 929 2309 exigere
950 2231 1039 2291 liceat
1060 2232 1108 2290 hic
1130 2232 1281 2291 statuitur.
1297 2265 1338 2275 —
1360 2231 1401 2308 [v.
1418 2231 1457 2290 48
1482 2249 1536 2308 pro

204 2338 367 2392 smovrun
394 2334 568 2393 crediderim
596 2336 626 2392 in
653 2334 752 2411 lapide
780 2352 848 2394 esse
874 2351 1036 2407 sruovnan,
1069 2334 1140 2392 item
1162 2352 1189 2392 v.
1212 2334 1252 2391 44
1280 2349 1454 2406 Qarrvou
1480 2352 1535 2409 pro

204 2450 385 2506 Q'araNOS,
415 2437 493 2512 quod
518 2436 653 2495 traditur.
683 2435 741 2494 ΤΗ.
758 2436 812 2512 Μ.]
837 2470 874 2479 -
898 2437 937 2496 45
960 2436 1087 2495 traditur
1109 2451 1190 2507 cysa
1215 2468 1254 2478 —
1282 2436 1321 2495 46
1344 2436 1415 2494 item
1437 2450 1535 2495 oroa-

202 2551 314 2604 rasum
344 2537 498 2597 libelleasis
520 2540 585 2610 erit,
608 2539 658 2615 qui
682 2538 915 2615 supplicationes
937 2537 1068 2596 cuiusvis
1089 2537 1209 2614 generis
1232 2555 1286 2612 pro
1309 2536 1444 2596 mercede
1465 2553 1535 2595 con-

202 2638 352 2697 scribebat
373 2640 519 2716 praesidis
542 2641 642 2698 officio
664 2640 734 2699 item
758 2641 948 2718 adgregatos.
972 2672 1010 2683 —
1034 2641 1074 2698 48
1097 2639 1132 2698 cf.
1150 2657 1243 2717 supra
1265 2640 1303 2697 ad
1325 2658 1371 2696 vv.
1389 2637 1429 2696 80
1450 2656 1533 2715 seqq.

243 2757 384 2818 Ceterum
407 2759 486 2835 quod
510 2761 660 2836 sportulas
682 2770 712 2818 et
734 2770 871 2836 sumptus
894 2761 925 2819 iu
947 2759 1065 2819 iudiciis
1088 2759 1232 2818 faciendis
1255 2779 1274 2818 a
1289 2758 1392 2837 quinto
1415 2758 1533 2817 demum

204 2861 323 2918 saeculo
346 2861 444 2920 medio
466 2861 596 2939 legitime
619 2862 779 2921 constituta
795 2880 860 2921 esse
878 2862 981 2921 scribit
996 2860 1321 2939 Bethmann·Hollweg
1340 2862 1360 2921 l.
1376 2861 1396 2920 1.
1420 2879 1449 2938 p.
1463 2861 1533 2934 800,

203 2961 234 3019 id
256 2963 445 3039 aliquatenus
468 2972 594 3042 apparet
614 2963 821 3040 corrigendum
844 2982 910 3024 esse
931 2964 1054 3022 invento
1075 2963 1132 3021 hoc
1154 2973 1354 3023 monumento.

203 3542 274 3603 698
296 3545 447 3622 Timghtd
471 3564 532 3621 rep.
556 3548 584 3604 in
606 3548 672 3606 foro
694 3549 779 3606 iuxta
800 3569 829 3607 n.
846 3548 915 3607 696.

703 3772 722 3810 a
1099 3754 1115 3810 6

507 3903 634 3946 arsuro
656 3904 831 3947 auururo
857 3903 907 3947 no
937 3903 1011 3947 sruo
1034 3903 1133 3946 evaso
1155 3903 1173 3945 c
1195 3905 1236 3945 uu

507 4008 549 4048 ur
581 4005 777 4047 rnsvrsur
807 4005 904 4048 racc
932 4005 1125 4048 rnacrvs
1158 4006 1236 4046 uas

506 4107 779 4150 runerursusrs
812 4108 865 4150 ru.
895 4094 905 4151 l
931 4107 1111 4150 erratur
1176 4104 1236 4149 no

506 4210 584 4252 narr
605 4209 776 4252 staminis
798 4220 866 4262 pp.
887 4221 903 4250 n
931 4209 946 4251 a
970 4210 985 4250 r
1009 4210 1031 4253 0
1053 4210 1102 4251 rr
1166 4210 1181 4246 e

442 4313 453 4351 a
505 4310 767 4353 coucrnrvra
797 4309 1235 4353 ruoc.anurcane

197 4536 305 4595 Poulle
327 4555 381 4596 rec.
405 4538 439 4594 de
464 4537 560 4597 Cenat.
576 4538 672 4596 XXII
695 4538 805 4614 (1883)
828 4558 856 4616 p.
874 4539 933 4598 357
957 4560 985 4598 n.
1004 4540 1072 4598 100.

242 4658 255 4714 1
281 4668 333 4715 aut
353 4667 400 4716 est
421 4658 594 4734 legendum:
618 4679 709 4736 puero
731 4659 918 4735 e(lort'asimo)
938 4655 1028 4739 Aelni
1048 4667 1104 4718 cet.
1128 4669 1180 4716 aut
1201 4656 1313 4717 excidit
1333 4672 1432 4717 unae
1458 4664 1527 4716 ante

198 4757 332 4832 alteram,
356 4779 424 4818 nam
445 4780 535 4836 puero
552 4762 595 4821 sic
613 4759 690 4819 nude
704 4761 835 4820 offendit.
871 4761 980 4836 [Magis
1002 4760 1178 4819 crediderim
1199 4759 1288 4838 plura
1301 4759 1426 4818 delicere
1447 4760 1527 4817 hunc

197 4861 226 4917 iu
254 4864 373 4921 modum
396 4863 525 4938 Do[nato
553 4863 727 4938 claris]simo
751 4881 855 4939 pomo,
885 4880 952 4921 cum
979 4863 1069 4921 etism
1097 4861 1254 4939 sequentia
1279 4860 1432 4921 vocabulis
1461 4878 1526 4936 per-

197 4963 316 5039 scriptis
338 4965 387 5022 vel
410 4965 519 5022 additis
542 4964 623 5024 nullo
646 4965 766 5041 negotio
788 4963 925 5040 ampliari
947 4965 1074 5039 possint
1117 4963 1176 5024 Tu.
1192 4963 1246 5040 hl]

240 5081 285 5140 De
309 5082 343 5142 Ο.
360 5086 461 5142 Annio
483 5084 629 5143 Flaviano
652 5083 712 5143 vid.
735 5104 763 5142 n.
781 5084 857 5155 699,
885 5083 921 5141 de
949 5084 1077 5143 concillo
1102 5102 1186 5162 prov.
1209 5083 1331 5142 Africae
1352 5081 1527 5159 Marquardt

196 5185 261 5259 eph.
279 5186 371 5260 epigr.
385 5187 408 5258 I,
425 5184 485 5243 818
502 5202 575 5262 seq,
598 5185 637 5247 cf.
655 5184 679 5200 ⁶
854 5185 878 5245 n
892 5204 961 5244 anu.
977 5187 1046 5245 inst.
1059 5186 1139 5245 arch.
1152 5185 1239 5246 Rom.
1255 5184 1333 5245 1866
1349 5202 1378 5261 p.
1392 5183 1430 5244 68
1442 5201 1525 5261 seqq.
