3450 5828
192 460 263 532 638
763 478 947 530 aromrsau

190 651 347 724 Lamiani,
364 654 521 710 Ianuarius
544 657 678 713 tllarurvs
702 662 727 709 et
749 654 826 711 rllllll
844 655 969 728 promoti
991 671 1053 710 cnm
1068 651 1211 728 [c]ollepis
1226 653 1318 711 llllllll
1333 651 1435 727 officii.
1473 649 1531 711 Sed

192 756 264 813 certi
288 755 426 831 quiddam
450 775 487 812 ue
509 775 547 812 ex
569 755 625 813 bac
647 755 765 830 quidem
788 755 924 813 efficitur.
959 788 997 796 -
1030 754 1132 813 Minus
1155 753 1334 813 dubitationi
1362 753 1529 812 obnoxium

192 867 247 931 est,
270 859 349 935 quod
371 859 514 935 postremi
537 857 669 915 omnium
694 857 823 915 salutant
845 855 1007 931 [osfi]ciolcs
1030 876 1063 916 ss
1084 857 1192 914 ordine.

236 1137 377 1214 Sequitur
399 1137 527 1195 edictum
550 1137 691 1208 alterum,
720 1154 875 1212 quoquae
898 1137 934 1194 de
957 1136 1262 1194 ordiueiudieiorum
1288 1135 1403 1194 saeculi
1433 1135 1529 1211 quarti

193 1259 335 1298 noramus
358 1258 416 1297 uon
440 1259 496 1297 uno
519 1241 636 1296 nomine
659 1247 849 1314 augmentum
873 1238 1031 1316 accipiunt.
1065 1239 1138 1315 Agit
1159 1240 1237 1297 euim
1260 1237 1296 1297 de
1312 1237 1350 1297 iis
1367 1256 1448 1314 qnae
1463 1257 1529 1314 par-

193 1353 239 1401 tes
261 1343 323 1401 litis
347 1361 438 1400 causa
459 1352 613 1418 praestare
636 1341 759 1413 debent,
786 1341 816 1398 id
840 1350 886 1398 est
906 1342 943 1397 de
968 1340 1173 1417 commodia1)
1201 1340 1265 1399 sive
1292 1340 1440 1417 sportulis
1468 1340 1528 1398 otti·

194 1445 315 1504 cialium
342 1455 371 1503 et
399 1444 540 1502 similium
569 1461 773 1518 personarum.
826 1441 909 1515 Quos
938 1445 1049 1502 abusus
1076 1444 1133 1500 hoc
1159 1442 1285 1500 edictum
1313 1442 1471 1519 respiciat,
1498 1442 1528 1501 in

195 1550 365 1606 universum
388 1546 520 1604 declarat
541 1546 590 1603 lex
614 1545 748 1622 aequalis
772 1546 848 1618 iere,
875 1546 945 1604 anni
969 1545 1083 1605 seilicet
1106 1545 1175 1617 370,
1198 1542 1233 1603 C.
1249 1543 1306 1601 Tb.
1326 1545 1353 1615 1,
1370 1541 1422 1616 29,
1439 1545 1468 1617 5,
1482 1546 1528 1620 so·

194 1653 285 1709 reneis
308 1653 395 1724 lurpii
409 1649 532 1723 fraudes
555 1666 726 1721 recensens,
756 1649 822 1705 olum
843 1659 894 1706 aut
915 1653 1032 1705 aeamor
1053 1651 1205 1705 instruitur
1225 1647 1380 1704 advocatus
1409 1658 1463 1705 aut
1483 1648 1528 1706 ab·

195 1751 316 1827 ses[sor]
351 1745 494 1826 liminis²)
532 1751 686 1808 rna-toribus
716 1754 851 1826 princeps
876 1752 1015 1826 praemiis
1047 1757 1190 1821 secratur,
1225 1750 1290 1806 dum
1315 1757 1383 1806 acta
1414 1750 1453 1807 alr
1487 1769 1528 1806 er·

195 1854 354 1929 ceptorilrus
378 1854 585 1922 distrabantur,
611 1854 677 1910 daun
700 1854 837 1910 conuuods'
857 1856 967 1910 nornine
988 1851 1111 1927 amplius
1134 1850 1169 1907 ab
1192 1854 1294 1926 ecqui
1320 1854 1425 1909 vicerit
1450 1855 1530 1910 iuter·

197 1975 290 2016 sessor
313 1955 364 2030 (=
382 1965 536 2026 executor3
568 1954 603 2012 cl.
629 1952 662 2012 C.
680 1954 752 2012 Iust.
779 1958 804 2027 1,
826 1955 876 2024 40,
898 1954 929 2029 8)
957 1956 1080 2029 reposcit
1105 1972 1190 2029 qnam
1216 1954 1383 2011 redd-iturus
1415 1963 1459 2011 est
1484 1952 1530 2011 ille

196 2062 245 2134 qui
256 2061 349 2132 suerit
362 2068 522 2131 superatne.
558 2055 638 2113 Num
655 2074 756 2114 omncs
771 2056 811 2128 hi,
835 2056 983 2126 advocati,
1005 2057 1155 2133 prinecps,
1177 2065 1366 2131 exceptores,
1388 2063 1530 2115 executor

195 2161 322 2218 redeunt
343 2160 372 2216 iu
395 2158 491 2216 edicto
513 2158 694 2217 Marisciaui.
733 2160 841 2235 Agitur
863 2157 960 2217 autem
984 2158 1014 2215 iu
1036 2177 1072 2217 eo
1095 2158 1131 2215 dc
1154 2158 1364 2216 emolumentis
1378 2166 1529 2235 praestan-

195 2263 243 2321 dis
265 2263 312 2321 his
335 2259 487 2337 personis:

353 2391 378 2446 1.
401 2388 530 2465 principi
552 2388 593 2463 (v.
613 2386 748 2464 13-22)

352 2490 379 2549 ‘A
403 2490 600 2548 corniculario
624 2490 666 2566 (v.
684 2489 820 2565 23-25)

351 2596 378 2652 3.
403 2592 661 2651 commentariensi
684 2591 724 2667 (v.
742 2591 878 2667 23-25)

352 2695 380 2753 4.
404 2694 590 2752 scholasticis
613 2693 655 2770 (v.
673 2694 809 2768 tir-34)

352 2797 380 2854 5.
404 2796 615 2872 exceptoribus
639 2794 679 2870 (v.
696 2795 838 2870 34-46)

353 2898 381 2956 6.
404 2898 553 2955 libellensi
577 2897 618 2973 (v.
636 2897 773 2973 46—48)

352 3001 379 3056 t.
403 3000 525 3058 officiali
548 3001 703 3058 executori
726 2998 768 3074 (v.
783 2998 930 3073 48-51).

240 3131 289 3187 Ex
311 3129 358 3186 bis
381 3128 431 3203 qui
455 3127 600 3203 singulari
623 3147 747 3185 numero
770 3128 932 3186 efferuntur
954 3127 1096 3186 officiales
1120 3133 1199 3199 sunt,
1222 3148 1282 3188 uon
1304 3128 1456 3188 officiales
1477 3140 1532 3188 tam

199 3231 384 3301 scholastici,
408 3230 438 3287 id
460 3240 507 3286 est
529 3229 714 3305 admontii),
738 3249 825 3305 quam
849 3240 1035 3303 exceptores.
1080 3231 1228 3288 Advocati
1250 3231 1328 3288 enim
1353 3250 1393 3288 ex
1416 3232 1533 3309 publico

199 3332 340 3391 salarium
370 3331 431 3400 vel,
464 3340 497 3387 ut
523 3331 610 3388 huius
638 3332 745 3389 aetatis
773 3331 912 3407 loquendi
939 3350 1025 3390 nsum
1059 3351 1233 3406 sequamur,
1268 3351 1421 3391 annonam
1455 3334 1533 3391 nullo

198 3442 333 3509 tempore
357 3433 551 3508 accipiebant,
575 3451 628 3490 nec
650 3433 745 3509 magis
769 3433 825 3490 hac
847 3433 964 3509 quidem
989 3444 1085 3491 aetate
1102 3434 1287 3510 accipiebant
1302 3435 1533 3510 exceptores⁴);

260 3635 282 3696 ¹)
304 3637 467 3687 Athalaricus
487 3640 556 3703 apud
576 3638 768 3688 Cassiodorium
788 3655 841 3689 rar.
856 3641 881 3701 9,
897 3641 944 3689 14;
969 3640 993 3689 si
1010 3647 1095 3690 cestra
1118 3641 1265 3690 cormeus'nnt
1288 3639 1392 3692 decreta
1411 3643 1532 3710 pulsatos,

201 3735 293 3778 tontum
312 3729 433 3779 corumorlr'
447 3732 577 3797 pereipiat
595 3738 722 3791 executor,
748 3739 864 3796 pucrulum
881 3732 1008 3798 pluriores
1028 3732 1130 3782 domatus
1150 3749 1212 3782 anus
1230 3739 1314 3782 noster
1329 3750 1382 3800 pro
1403 3733 1535 3785 donor-ilus

194 3838 360 3888 personarum
381 3821 468 3873 debere
487 3824 587 3873 aulones
606 3825 720 3890 urm'pcre
743 3839 863 3890 expressa
886 3826 1024 3889 qrruuts'tute
1048 3827 1190 3875 corretitnr't:
1219 3823 1369 3875 cornmodnm
1394 3829 1461 3877 euim
1488 3842 1535 3877 ests

200 3911 342 3964 debetcum
361 3914 441 3964 modo.
481 3914 660 3980 Sportularum
681 3916 834 3966 vocabulum
852 3925 910 3981 post
928 3917 1022 3966 Iuliani
1043 3924 1158 3982 tempora
1178 3918 1280 3968 demum
1299 3919 1336 3967 ita
1356 3927 1480 3984 coeptum
1502 3918 1535 3968 ri·

200 4007 273 4055 ‹lctur
293 4023 346 4057 erse
361 4009 486 4072 usurpari.

365 4094 374 4129 r

258 4136 282 4202 ρ)
303 4139 373 4190 obses
398 4141 430 4198 lll
455 4142 549 4191 lr'rur'ur's
574 4143 656 4191 eorlsx
681 4144 821 4192 seeundum
846 4143 1006 4206 Krnegerum
1035 4142 1073 4207 (iu
1097 4145 1160 4193 netis
1185 4144 1325 4195 maioribus
1352 4145 1429 4196 acad.
1455 4145 1535 4196 Berol.

200 4245 223 4280 n.
241 4234 310 4281 lata
330 4249 354 4296 p.
371 4233 430 4294 20),
458 4235 573 4298 suppleri
593 4235 630 4282 ita
649 4242 677 4282 ut
695 4236 852 4297 significetur
874 4236 993 4299 princeps
1019 4250 1034 4284 a
1058 4237 1186 4300 litigatore
1211 4242 1317 4301 propter
1341 4238 1488 4302 ingressum
1505 4236 1536 4288 ad

200 4324 344 4385 praesidem
364 4327 491 4388 sportulas
511 4326 624 4389 exigens.
663 4327 726 4375 Mox
748 4334 847 4390 etpost
866 4324 1041 4376 ‹lr'strolruutur
1060 4329 1159 4378 sustuli.

259 4413 283 4475 ³)
304 4416 591 4481 Betlrmauu·Hollweg
614 4415 782 4483 Cirr'lproeess
803 4418 818 4467 3
839 4435 863 4482 p.
881 4420 940 4468 16‘2.

258 4503 282 4566 ⁴)
303 4507 332 4556 C.
347 4508 396 4557 Th.
413 4508 437 4570 8,
452 4509 476 4570 7,
494 4509 525 4558 17
547 4511 608 4558 unni
624 4510 691 4559 385:
712 4506 865 4576 Exceptores
885 4526 966 4560 carnes
984 4509 1111 4560 indicibus
1130 4509 1289 4578 obsequenter
1307 4514 1353 4578 pur¹
1365 4530 1413 4564 nec
1427 4514 1536 4563 urilr‘tiuts

200 4599 321 4648 serstr'acut
340 4616 416 4665 usque
436 4618 452 4649 a
465 4601 530 4663 fisco
551 4601 619 4650 nllus
639 4609 820 4668 eorrseqnnutnr
839 4619 952 4652 uuuorrus
971 4619 1122 4653 ...erasure
1141 4606 1235 4671 coeptis
1253 4621 1356 4670 operum
1375 4608 1479 4657 etiamsi
1499 4603 1536 4655 de·

201 4691 317 4740 curiones
335 4692 385 4740 siut
403 4691 683 4759 minimeprobibemus.
723 4694 787 4743 Mox
808 4696 985 4744 condicionem
1010 4703 1141 4746 mutarunt
1159 4698 1302 4746 enumerati
1321 4698 1375 4747 iam
1395 4701 1425 4749 iu
1441 4699 1537 4750 Notitia

201 4782 364 4846 Dignitatnnr
384 4785 451 4833 iuter
470 4785 601 4834 «unciales.
640 4788 681 4834 Ita
700 4801 753 4834 rem
773 4787 884 4850 explicat
902 4786 1191 4852 Bethmunu-Hollweg
1214 4786 1385 4855 (lirilprocesa
1407 4792 1424 4841 3
1444 4808 1469 4856 p.
1483 4791 1536 4848 154,

200 4875 310 4925 fortasse
329 4884 405 4925 reete.
439 4877 586 4927 Videndum
607 4890 704 4938 tamon,
726 4893 813 4927 aunon
833 4880 859 4927 iu
880 4880 980 4929 iudiciis
1000 4881 1051 4929 duo
1070 4881 1166 4930 fuerint
1184 4897 1279 4945 genera
1298 4892 1482 4946 exceptorum,
1504 4882 1536 4930 al·

201 4974 284 5017 tarum
305 4975 456 5033 occupatum
475 4970 502 5016 in
522 4971 584 5018 netis
603 4970 712 5034 publicis
731 4980 755 5019 et
775 4971 913 5021 admissum
934 4973 967 5021 ad
987 4988 1112 5034 annonas,
1133 4975 1242 5023 alterum
1262 4975 1330 5037 qnod
1346 4975 1536 5038 partibusque

202 5074 290 5108 eorum
310 5061 435 5110 intererat
454 5060 547 5110 habere
566 5078 598 5110 ex
620 5062 683 5112 actis
703 5065 877 5127 suppeditaret
896 5065 1012 5114 mercede
1032 5071 1149 5128 accepta;
1169 5067 1192 5116 si
1211 5064 1248 5117 it'u
1266 5074 1331 5127 erat,
1351 5067 1478 5117 hocloco
1490 5064 1535 5115 lrot

203 5150 369 5217 intellegitur.
