3450 5828
87 585 93 595 ,
127 534 277 583 1478-1479
544 532 734 585 uauussu
764 521 1041 586 aumaauo'uvu.

351 857 658 931 THVBVRSICVM
682 852 944 919 NVMIDARVM
973 861 1080 938 (supra
1100 882 1129 937 p.
1145 861 1231 940 421).

122 1040 211 1101 1478
240 1044 278 1101 ad
306 1044 373 1101 fala.
398 1066 425 1103 u.
444 1043 489 1102 7⁸.
534 1045 662 1120 [Vereor
684 1066 720 1104 ue
742 1047 847 1104 titulus
874 1046 1072 1122 interpolatus
1098 1046 1193 1123 magia
1217 1047 1256 1103 sit
1276 1064 1365 1120 quum
1389 1064 1457 1104 cou-

164 1147 260 1204 fietus.
308 1145 387 1204 Nam
410 1146 616 1223 Hiempsalem
650 1166 750 1224 regem
778 1147 1126 1224 quamquum.aequules
1157 1148 1199 1237 sie
1224 1147 1332 1211 Latina
1363 1149 1456 1205 hono·

165 1257 230 1303 rare
253 1265 312 1305 non
335 1254 505 1324 potueruut,
532 1250 592 1307 iam
615 1249 788 1307 crediderim
811 1251 869 1308 hue
891 1252 1040 1327 pertinere
1063 1249 1140 1326 quod
1163 1250 1274 1326 legitur
1296 1251 1375 1325 apud
1398 1247 1457 1325 Cy·

165 1350 300 1431 pruanum
330 1349 423 1424 (quod
450 1349 531 1408 idola
558 1350 598 1408 dii
626 1370 685 1408 uon
708 1352 770 1410 sint
792 1370 816 1411 c.
834 1339 880 1427 25:
909 1353 1011 1409 Mauri
1037 1353 1186 1426 manifeste
1212 1370 1292 1426 reyes
1319 1370 1385 1410 suot
1412 1369 1455 1408 eo-

76 1479 82 1488 ·
166 1451 226 1507 luat
247 1470 296 1509 aea
317 1451 376 1508 alto
399 1452 553 1510 velamento
575 1454 627 1511 hoe
651 1472 749 1511 nomeu
776 1454 904 1511 obtexunt
931 1463 960 1512 et
981 1451 1199 1512 Tertutliauum
1226 1454 1360 1530 (apolog.
1384 1453 1454 1528 24):

166 1551 368 1611 Mauretaniae
389 1553 447 1627 (dii
469 1555 547 1630 aaut)
570 1557 664 1631 reqalt'
685 1560 739 1625 eat,
762 1564 899 1615 auctores
915 1555 1075 1614 Africanos
1095 1557 1210 1613 ambos.
1245 1555 1382 1631 Denique
1404 1555 1454 1631 qui

86 1689 91 1695 ·
165 1653 341 1728 Tupusuctu
368 1656 505 1716 inventus
533 1647 579 1713 eet
604 1657 712 1715 titulus
734 1678 762 1716 n.
780 1656 875 1716 8834:
900 1635 1078 1716 amatia.
1101 1659 1253 1716 Perceaiae
1276 1657 1312 1714 L.
1332 1659 1359 1732 s.
1383 1656 1454 1716 Sat.

165 1757 295 1830 Roqatae
317 1777 341 1814 v.
366 1758 401 1832 [a.
423 1759 442 1815 l.
463 1758 519 1833 a.]‚
549 1776 737 1834 nequaquam
768 1760 805 1817 ad
833 1760 919 1818 deum
948 1762 1153 1838 cognominem
1183 1770 1311 1836 spectat,
1337 1759 1388 1816 sed
1416 1758 1453 1814 ud

165 1859 263 1932 ipsum
286 1878 385 1936 regem
408 1877 463 1935 pro
479 1860 599 1918 numine
623 1861 744 1934 cultum,
767 1871 924 1938 potestque
946 1863 1088 1939 oppidum
1111 1862 1184 1920 illud
1201 1881 1236 1920 ea
1252 1870 1348 1940 aetate
1370 1860 1454 1937 regni

165 1958 351 2036 Hiempsalis
372 1980 444 2037 pars
465 1961 567 2020 fuisse.
605 1961 664 2020 ΤΗ.
680 1961 734 2038 Μ.]

483 2342 539 2399 Hr.
565 2341 628 2400 Sale
650 2341 814 2400 el-Klzemte
837 2342 943 2419 (supra
964 2363 992 2419 p.
1010 2344 1096 2419 560).
1122 2362 1128 2372 ·

124 2499 214 2557 1479
243 2498 579 2576 adEph.vn.1299.
624 2499 806 2558 Dedicantes
832 2500 929 2557 redire
951 2495 1041 2573 VIII,
1065 2501 1145 2559 9052
1174 2501 1248 2579 vidit
1274 2501 1453 2559 Dessavius.

168 2600 241 2658 Sunt
264 2602 355 2676 igitur
375 2601 496 2659 nomina
516 2601 604 2659 haec:
627 2601 664 2659 L.
684 2600 816 2676 Caeestae
830 2602 989 2677 Resta]tae,
1013 2600 1125 2677 [elo]bu
1141 2602 1278 2663 Luaioea.
1313 2601 1452 2661 Ceterum

167 2723 232 2761 eum
256 2704 330 2761 ulter
352 2704 426 2761 civis
443 2703 603 2761 Auzieusis
619 2701 654 2761 C.
670 2723 698 2761 n.
716 2703 795 2761 9047
819 2684 923 2765 redeat
944 2705 974 2768 iu
996 2705 1215 2773 adu.n.1300‚
1238 2713 1316 2761 recte
1340 2706 1454 2763 videtur

167 2806 243 2862 idem
273 2806 440 2862 Dessavius
471 2805 633 2863 coniecisse
666 2805 770 2863 titulos
800 2805 868 2864 add.
894 2804 1098 2864 1299-1301
1130 2823 1233 2864 omnes
1260 2806 1298 2863 ud
1326 2808 1453 2864 Auru'am

166 2909 322 2982 pertinere.

1164 3046 1210 3103 Io.
1236 3044 1390 3105 Sauumu.
