3450 5828
193 517 265 586 tto

641 533 912 583 ADDI'I'AMEN‘I'A
939 530 1112 583 votavm.

190 706 363 784 peragravi,
392 707 489 766 minus
511 716 543 765 ut
564 724 643 764 nova
664 706 876 781 investigarem
898 705 1043 765 sollicitus
1070 723 1160 781 qoam
1187 721 1264 780 quae
1291 701 1344 759 alii
1373 700 1525 759 ediderant
1564 750 1566 761 .

191 818 224 865 nt
249 810 348 867 denuo
375 810 576 868 examinarem
604 828 639 866 ac
661 808 820 884 diligenter
841 808 1014 866 conferrem.
1066 806 1198 865 Domum
1223 820 1367 863 reversus
1395 800 1526 885 intellexi
1564 798 1566 803 ’

192 912 295 988 copias
317 913 360 970 ita
380 919 502 987 paratas
528 930 587 969 non
616 910 753 968 sufficere
780 910 817 966 ad
846 909 1057 985 perficiendum
1084 908 1322 984 supplementum
1351 904 1525 982 plenumst

192 1013 373 1083 absolutum,
397 1012 448 1070 sed
471 1030 561 1090 posse
585 1013 684 1069 statim
707 1013 911 1070 commoditati
933 1030 1036 1070 eorum
1059 1011 1109 1086 qni
1132 1009 1239 1068 studiis
1256 1006 1463 1086 epigraphieis
1477 1022 1525 1061 va·

193 1124 261 1173 cant
282 1115 325 1172 ita
347 1116 481 1187 consuli,
503 1124 536 1172 ut
557 1134 595 1172 ex
617 1114 729 1188 ingenti
752 1133 875 1171 numero
898 1114 1050 1172 titulorum
1074 1112 1124 1187 qui
1147 1119 1217 1187 post
1237 1127 1351 1185 corpus
1374 1108 1459 1166 foras
1479 1106 1524 1163 da·

190 1224 252 1274 tum
274 1218 467 1275 innotuerunt
488 1224 540 1274 aut
561 1217 598 1273 ab
621 1215 690 1272 aliis
713 1223 764 1272 unt
785 1234 803 1271 a
825 1235 872 1274 me
894 1216 960 1293 ipso
980 1213 1132 1289 descripti,
1154 1212 1258 1271 selecti
1274 1210 1414 1287 potiores
1428 1209 1458 1266 in
1473 1208 1522 1265 hat

191 1419 402 1495 sepulcralium
426 1420 606 1497 farraginem
628 1419 764 1494 exceptis
785 1419 888 1493 paucis
909 1427 1031 1495 propter
1044 1415 1250 1493 indigenarum
1267 1414 1395 1472 nomina
1409 1411 1457 1471 vel
1470 1398 1534 1469 alia¹

190 1522 306 1579 ratione
329 1522 509 1597 insignibus,
536 1541 637 1579 verum
661 1520 750 1577 etiarn
773 1520 809 1576 de
830 1521 954 1595 reliquis
981 1520 1030 1595 qui
1058 1528 1110 1576 aut
1137 1517 1262 1575 nrinoris
1287 1514 1436 1573 momenti
1464 1526 1523 1579 esst

191 1624 361 1681 viderentur
383 1633 434 1680 aot
456 1623 591 1680 lectionis
614 1623 709 1679 adhuc
731 1641 836 1698 parum
864 1621 1024 1679 stabilitae.
1074 1619 1122 1676 ad
1150 1619 1253 1677 titulos
1281 1626 1385 1675 antem
1412 1616 1471 1673 iam
1497 1613 1523 1671 iu

193 1722 326 1799 Corpore
348 1725 446 1782 editos
469 1743 545 1799 qnae
567 1724 684 1798 repperi
709 1723 752 1781 vel
776 1723 912 1781 addenda
932 1724 981 1781 vel
1007 1718 1207 1790 emendanda,
1232 1719 1282 1777 his
1309 1714 1525 1795 supplementis

192 1826 301 1883 inserui
325 1834 438 1884 tantum
462 1844 519 1882 non
543 1826 652 1882 omnia.
697 1823 886 1901 Quicumque
907 1824 986 1883 tituli
1009 1823 1057 1881 hio
1078 1823 1221 1893 eduntur,
1247 1830 1301 1879 ant
1323 1820 1365 1877 ab
1387 1819 1457 1877 aliis
1477 1836 1525 1893 pu·

190 1927 260 1984 blici
282 1927 357 1985 iuris
379 1928 449 1985 facti
473 1936 541 1984 sunt
564 1936 615 1983 aut
636 1946 654 1983 a
674 1945 721 1984 me
735 1947 774 1984 ex
788 1927 939 2002 lapidibus
953 1926 1084 2003 excepti3
1107 1925 1138 1981 in
1154 1922 1271 1981 scriniis
1287 1920 1532 1997 antiquariorum,

190 2027 397 2087 Parisinornm
421 2038 451 2087 et
465 2028 672 2086 Africanorum
695 2029 744 2103 qui
768 2037 932 2100 remanent,
954 2029 993 2087 ab
1014 2027 1089 2104 ipsis
1110 2025 1291 2103 quaudoque
1308 2023 1389 2082 editi
1411 2032 1525 2083 noemae

192 2129 327 2206 syllegae
350 2130 501 2188 accedent.

232 2231 346 2288 Earum
368 2232 507 2307 partium,
530 2230 606 2288 unde
628 2231 723 2288 adhue
745 2232 849 2290 titulos
865 2232 1004 2308 antiquos
1019 2231 1118 2289 nullos
1133 2230 1195 2287 fere
1210 2227 1429 2299 habueramus,
1451 2242 1525 2301 map-

191 2351 259 2407 pam
281 2333 350 2390 hoie
372 2333 579 2408 supplemento
601 2332 710 2390 adiecit
731 2340 816 2391 vetus
843 2333 1008 2392 studiorum
1039 2342 1209 2391 nostrorum
1235 2329 1361 2388 adiutor
1382 2328 1523 2387 Heoricut

190 2433 325 2510 Kiepert.
371 2432 440 2506 Qua
460 2436 491 2493 in
513 2454 545 2491 re
568 2452 674 2511 magno
697 2434 830 2493 subsidio
853 2434 881 2493 ei
903 2434 959 2493 fuit
981 2453 1103 2511 mappa,
1127 2450 1217 2509 quam
1238 2433 1367 2509 egregio
1390 2428 1523 2508 exemplo

191 2536 228 2592 de
249 2536 422 2611 regionibns
445 2555 463 2593 a
485 2554 518 2594 se
539 2536 705 2613 exploratis
728 2537 891 2595 confectam
913 2537 951 2594 ad
974 2535 1102 2596 Tissotii
1125 2534 1300 2595 relationem
1324 2534 1457 2593 alteram
1478 2530 1524 2591 ad·

192 2637 289 2695 iunxit
309 2636 445 2696 Iulianus
467 2637 622 2696 Poinssot.

233 2739 268 2795 In
288 2739 344 2795 hoe
363 2739 570 2816 supplemento
585 2738 739 2798 condendo
754 2758 820 2798 curn
836 2740 1033 2815 complurium
1048 2748 1187 2798 notorum
1201 2738 1441 2815 ignotorumque
1453 2740 1521 2797 bona

191 2840 292 2897 officia
314 2851 457 2915 expertus
480 2843 551 2912 sim,
578 2842 627 2915 qui
651 2860 752 2900 eorum
774 2842 805 2898 in
827 2842 933 2899 Africa
954 2843 1193 2920 peregrinantem
1220 2839 1334 2898 studiis
1360 2840 1533 2915 officiisque.

191 2943 377 3012 adiuverunt,
400 2943 444 3000 eis
467 2944 579 3019 gratias
601 2943 722 3019 publice
744 2944 791 3020 egi
813 2943 843 3000 in
866 2944 948 3002 brevi
972 2944 1010 3002 de
1023 2944 1128 3003 itinere
1142 2959 1177 3001 eo
1192 2942 1424 3015 commentario,
1443 2956 1530 3019 que·-

191 3045 304 3102 inserui
327 3044 401 3101 actis
428 3044 597 3103 academiae
620 3044 823 3103 Berolinensis
849 3045 1014 3103 minoribus
1041 3065 1068 3103 a.
1088 3043 1165 3104 1883
1192 3063 1222 3121 p.
1238 3042 1426 3103 tot-616.
1470 3040 1520 3101 Ru·

192 3163 298 3203 versus
320 3155 381 3203 tres
405 3146 592 3222 potissimum
615 3151 697 3204 viros
719 3155 869 3221 tamquam
893 3147 992 3205 socios
1012 3147 1113 3219 habui,
1135 3146 1284 3205 Renatom
1306 3142 1432 3221 cagnat
1447 3142 1521 3203 Dm·

191 3266 322 3318 censern,
352 3247 501 3304 Iulianum
524 3248 668 3307 Poinssot
691 3249 876 3320 Parisinum,
903 3247 1108 3307 Alexandrum
1135 3247 1246 3325 Papier
1266 3246 1455 3307 Boneasem.
1496 3242 1520 3301 li

192 3367 372 3425 quamquam
400 3349 458 3425 ipsi
486 3350 515 3405 in
543 3350 636 3407 titulis
657 3350 809 3408 Africanis
836 3359 865 3408 et
891 3349 1107 3426 investigandis
1133 3356 1164 3405 et
1188 3346 1315 3407 edendis
1343 3350 1520 3427 gauvamd

191 3451 372 3508 fructuosam
397 3470 516 3528 oporam
539 3461 661 3525 ponunt,
683 3452 876 3509 nihilominus
898 3469 999 3509 eorum
1015 3468 1091 3527 quos
1104 3449 1287 3526 reperissent
1301 3458 1366 3509 tam
1389 3448 1522 3528 uemplfl

192 3570 281 3627 quam
303 3562 410 3627 ectypa
431 3570 545 3610 mecum
570 3555 786 3624 communicare
809 3573 869 3611 non
892 3553 1116 3623 dubitaverunt,
1139 3558 1295 3627 praeterea
1316 3552 1393 3611 mihi
1416 3551 1521 3629 passi·

193 3653 229 3709 de
256 3654 346 3712 variis
372 3654 459 3711 rebus
487 3655 652 3713 sciscitanti
679 3655 784 3713 sedulo
813 3672 930 3730 semper
959 3654 1152 3728 officioseque
1178 3654 1407 3729 responderunt
1432 3664 1464 3713 et
1486 3654 1523 3713 its

193 3754 363 3825 effecerunt,
387 3766 419 3812 nt
441 3756 526 3814 multi
548 3756 625 3814 tituli
648 3756 832 3814 emendatius
855 3774 934 3814 nunc
955 3756 1091 3832 legantur
1112 3774 1202 3831 quam
1217 3765 1317 3827 antea,
1340 3755 1410 3831 ipse
1431 3764 1522 3815 autu

192 3875 250 3914 non
272 3874 383 3934 pancos
406 3876 522 3916 errores
546 3858 691 3915 evitarim.
729 3856 928 3930 (laramobrem
951 3876 989 3915 ex
1011 3857 1106 3934 copiis
1129 3857 1241 3915 nostris
1263 3856 1290 3915 si
1311 3856 1364 3933 qoi
1384 3856 1523 3934 prolieist.

193 3959 268 4016 seito
290 3978 355 4017 eam
378 3960 495 4017 laudem
517 3979 576 4017 non
599 3966 658 4016 tam
682 3959 752 4016 mihi
776 3959 876 4017 deberi
899 3978 988 4034 qnam
1011 3960 1038 4016 ei
1060 3958 1185 4030 numini,
1207 3976 1226 4016 a
1247 3976 1309 4033 quo
1331 3960 1440 4017 omnia
1459 3976 1523 4035 peo-

193 4060 272 4131 deot,
295 4060 482 4119 Concordiae
503 4062 609 4119 bonae.

234 4162 373 4239 Denique
396 4172 533 4240 superest
554 4171 586 4219 ut
605 4161 710 4219 addam
726 4164 869 4220 librorum
886 4173 915 4220 et
930 4163 1160 4240 ephemeridem,
1182 4178 1285 4219 eorum
1301 4160 1435 4236 seilicet,
1456 4174 1525 4239 qu!

193 4274 264 4339 pust
285 4264 395 4322 editum
419 4263 536 4340 Corpus
559 4264 678 4339 publice
700 4265 883 4340 prodierunt,
905 4284 925 4321 a
945 4284 992 4324 ma
1014 4262 1215 4322 adhibitorum
1236 4280 1410 4323 retensum.

195 4362 366 4423 Arandara
393 4365 582 4423 o'Hierons.
640 4366 671 4440 1)
698 4366 814 4424 bullatis
841 4368 875 4423 de
897 4365 1067 4425 l’oeode‘mie
1094 4364 1262 4443 d'Ha‘ppoae
1282 4364 1381 4423 XVII
1404 4386 1434 4425 a.
1452 4360 1523 4427 18·

277 4466 388 4525 XVIII
409 4488 435 4526 a.
456 4467 544 4527 1883.
581 4467 656 4525 XIX
679 4488 704 4525 a.
722 4468 800 4527 1884
823 4489 850 4544 p.
871 4468 984 4526 1-46.
1029 4466 1332 4543 Dempta-raudus
1347 4468 1483 4529 deaceae

277 4571 311 4626 da
333 4569 440 4626 I'oeud.
465 4570 633 4645 d'llippone
656 4590 682 4627 a.
702 4567 779 4628 1882
802 4569 875 4627 fasc.
892 4570 1003 4641 7-10,
1030 4567 1107 4629 1883
1131 4568 1205 4627 fase.
1223 4568 1315 4627 1-9.

193 4668 230 4728 R.
253 4687 295 4727 on
316 4686 357 4728 nn
379 4670 566 4729 ananermna
599 4671 628 4747 l)
654 4690 762 4747 voyage
788 4670 901 4729 d’eftada
927 4673 1000 4729 daos
1026 4690 1081 4729 one
1101 4674 1200 4747 portia
1225 4672 1260 4729 de
1286 4669 1321 4727 lo
1344 4670 1531 4741 mamm,

282 4774 461 4844 Cie'auriennc,
489 4775 520 4831 in
543 4774 672 4832 archites
694 4775 897 4832 decantatione
919 4775 1103 4849 sciantr'fiqaes
1126 4783 1150 4831 et
1172 4772 1328 4833 liceretne
1350 4772 1415 4833 vol.
1429 4774 1463 4833 X
1484 4768 1530 4833 ud

277 4877 438 4951 separatim
453 4875 562 4933 editum
575 4875 672 4933 Paris.
692 4875 779 4933 1883.
804 4875 836 4951 2)
848 4876 882 4933 de
894 4894 958 4949 rege
968 4875 1043 4933 Iuba
1055 4878 1129 4949 ragit
1142 4874 1232 4933 Iubae
1239 4874 1308 4950 filio
1320 4872 1423 4935 Paris.
1440 4874 1529 4937 1888.

195 4976 357 5035 Barnaeum·
379 4994 439 5036 oss
463 4993 674 5043 harmelinos
698 4979 732 5035 de
753 4978 865 5034 Froaee
887 4972 1352 5037 a.1880.1881.1882.1883.

194 5077 356 5137 Bnmanm
379 5097 420 5136 on
444 5095 735 5137 connasrommnrn
757 5095 928 5137 annrcnina
950 5079 1022 5137 fasc.
1041 5079 1124 5137 l-ti
1148 5098 1174 5137 a.
1193 5074 1289 5151 18885
1316 5094 1419 5139 novae
1444 5076 1498 5139 sesi

276 5200 304 5240 a.
324 5181 401 5239 1884
424 5182 495 5239 fasc.
516 5183 607 5240 1-3.
