3450 5828
531 529 641 581 SYRIA
667 529 915 581 PALAESTINA.

420 922 595 985 EMMAVS
617 923 846 985 NICOPOLIS
870 920 1038 1002 (Haterio).

104 1128 241 1186 Devictis
266 1128 383 1187 ludaeis
407 1139 436 1187 et
457 1129 564 1188 deletis
584 1128 805 1205 Hierosolymis
820 1129 1024 1206 Vespasianus
1047 1129 1197 1186 civitatem
1220 1129 1262 1187 ibi
1284 1129 1397 1187 nullam

63 1230 196 1289 condidit
218 1226 265 1305 (od
287 1223 443 1306 κατῴκισεν
465 1227 523 1287 ἐκεῖ
540 1222 651 1305 πόλιν),
678 1232 730 1289 sed
751 1231 958 1289 tantummodo
981 1233 1012 1289 in
1034 1231 1102 1289 loco
1125 1231 1175 1307 qui
1197 1231 1304 1289 dieitur
1326 1232 1398 1288 Am·

63 1349 147 1389 maus
170 1331 229 1389 LX
256 1333 294 1390 ab
321 1331 546 1409 Hierosolymis
576 1332 680 1391 stadiis
710 1332 820 1391 milites
848 1332 990 1391 dimissos
1019 1335 1208 1409 octingentos
1240 1332 1400 1391 collocavit

64 1424 184 1516 (χοιρίον
213 1426 315 1490 ἔδωκεν
344 1433 383 1494 εἷς
411 1426 597 1506 κατοίκησιν).
647 1434 732 1493 Haec
760 1434 908 1512 Iosephus
938 1444 999 1493 ant.
1020 1435 1048 1506 7,
1070 1435 1098 1506 6,
1120 1434 1146 1492 6.
1197 1434 1272 1492 Rem
1302 1434 1399 1509 publi·

64 1552 128 1592 eam
151 1536 234 1593 vicus
256 1537 282 1593 is
305 1537 420 1613 accepit
442 1536 497 1594 sub
519 1536 693 1594 Alexandro
716 1536 834 1594 demum
857 1536 964 1594 dictam
986 1534 1148 1610 Nicopolin
1171 1536 1201 1593 in
1224 1536 1397 1594 memoriam

64 1636 171 1712 opinor
200 1638 341 1696 uictoriae
364 1637 425 1696 Titi
455 1639 490 1696 de
517 1638 648 1696 Iudaeis.
697 1629 888 1706 Παλαιστίνης
910 1630 1074 1703 Νικόπολις,
1101 1635 1251 1696 Eusebius
1279 1638 1320 1695 ait
1347 1635 1397 1710 (ad

65 1757 92 1796 a.
109 1739 181 1795 Abr.
206 1737 301 1813 2237)
323 1739 488 1815 compilans
511 1739 700 1811 Africanum,
730 1735 747 1808 ἦ
769 1730 899 1822 πρότερον
920 1734 1063 1807 Ἐμμαοῦς
1084 1730 1206 1807 ἐκτίσθη
1231 1731 1314 1799 πέλις
1335 1760 1398 1816 πρε-

65 1831 222 1904 ’σβεύοντος
242 1828 312 1922 ὑπὲρ
334 1835 422 1910 αὐτῆς
444 1830 491 1897 καὶ
505 1831 708 1922 προισταμένου
727 1833 846 1898 Ἰουλίου
866 1835 1042 1923 Ἀφρικανοῦ
1060 1840 1112 1898 τοῦ
1127 1834 1163 1896 τοὶ
1178 1832 1302 1921 χρονικὰ
1325 1861 1400 1916 συγ·

64 1929 305 2024 γροψοομένουῑ).
355 1941 396 2000 Et
417 1942 535 2001 titulum
558 1942 678 2018 quidem
700 1963 728 2002 n.
748 1943 826 2000 1445
851 1942 1013 2000 verisimile
1037 1950 1083 1999 est
1105 1941 1276 2000 Alexandro
1299 1949 1399 2018 poste-

64 2045 172 2102 riorem
195 2062 272 2103 esse.
323 2042 437 2102 Contra
463 2045 589 2103 alterum
613 2065 641 2103 n.
661 2045 739 2103 1446
767 2044 942 2102 crediderim
968 2043 1115 2121 pertinere
1142 2044 1178 2102 ad
1206 2043 1335 2119 aliquem
1363 2063 1399 2101 ex

65 2146 243 2223 octingentis
265 2145 325 2204 illis
348 2146 629 2222 Hierosolymorum
652 2146 922 2224 expugnatoribus,
951 2165 1130 2221 quamquam
1158 2146 1243 2203 miles
1271 2147 1313 2217 is,
1340 2163 1399 2203 non

64 2256 223 2305 veteranus
248 2247 433 2323 appellatur3
464 2267 531 2305 nam
559 2248 706 2324 legionem
723 2248 751 2306 V
773 2248 996 2306 Macedonicam
1023 2255 1126 2306 notum
1153 2258 1199 2306 est
1226 2255 1256 2305 et
1285 2253 1398 2321 partem

64 2349 158 2407 fuisse
185 2349 333 2407 exercitus
361 2349 444 2407 illius
474 2350 603 2408 ludaeici
631 2360 661 2408 et
687 2349 768 2407 bello
797 2349 881 2408 finito
909 2350 938 2406 in
969 2349 1115 2407 Moesiam
1145 2349 1302 2407 remissam
1331 2366 1400 2407 esse

65 2450 228 2527 (losephus
258 2451 328 2508 bell.
351 2450 379 2521 7,
402 2452 436 2522 5,
459 2452 519 2526 13).
571 2451 646 2510 Vide
672 2452 762 2529 igitur
790 2471 825 2509 ne
855 2450 1008 2510 vexillatio
1035 2451 1100 2509 eius
1127 2450 1304 2509 remanserit
1329 2450 1399 2507 Em·

66 2561 195 2611 maante.

67 2855 156 2915 1445
183 2852 315 2917 ‘Amwbs
337 2857 367 2914 in
390 2857 454 2914 basi
478 2857 624 2933 quadrata
647 2875 763 2934 magna,
786 2858 844 2915 iam
868 2857 1004 2916 Parisiis.

624 3082 646 3125 0
668 3083 782 3126 sature
851 3095 866 3124 n

568 3058 676 3327 12:108
700 3186 739 3227 ΡΡ
762 3185 825 3228 Tem
850 3188 893 3227 rm·

566 3286 663 3329 aufflll
690 3287 793 3330 PAVLl
816 3288 831 3330 S

70 3477 395 3538 clermont-(sannam
417 3490 537 3555 rapport
562 3480 640 3539 1884
663 3499 691 3556 p.
707 3480 746 3538 60
768 3481 851 3559 ligno
872 3481 986 3541 incidit.

112 3580 192 3640 Num
216 3583 256 3639 sit
276 3581 371 3640 fracta
392 3581 480 3655 infra,
502 3600 608 3659 param
631 3590 757 3642 constat.

130 3918 153 3980 ¹)
173 3920 280 3970 Nummi
299 3921 342 3986 qui
362 3927 452 3969 extant
470 3935 527 3969 cum
545 3919 649 3970 nomine
663 3920 808 3984 Nicopolis,
829 3920 894 3970 alter
911 3921 974 3970 anni
986 3920 1064 3971 XLII
1077 3920 1175 3971 habens
1188 3936 1280 3972 nomen
1295 3923 1403 3973 Traiani

71 4010 217 4062 Germanici
232 4013 331 4074 Dacioi,
352 4013 416 4062 alter
434 4013 495 4062 anni
508 4012 614 4062 LXXII
632 4013 706 4062 divae
725 4012 873 4074 Faustinae,
893 4012 1043 4076 plerumque
1057 4012 1116 4063 huie
1130 4015 1225 4077 oppido
1238 4014 1403 4064 Palaestinae

71 4102 223 4160 tribuuntur.
244 4120 335 4169 parum
353 4111 435 4166 recte;
454 4105 482 4153 id
502 4105 569 4154 enim
590 4113 615 4153 et
627 4103 753 4168 Iosephus
773 4105 865 4155 diserte
884 4104 922 4153 ait
939 4121 966 4154 re
986 4105 1088 4169 publica
1107 4107 1218 4155 caruisse
1235 4106 1334 4154 ateiris
1348 4106 1403 4155 eius

70 4193 210 4246 Africanus
229 4197 261 4246 ab
276 4196 428 4247 Alexandro
447 4196 550 4246 demum
569 4196 597 4245 id
616 4197 655 4246 ius
675 4197 811 4260 accepisse,
830 4211 912 4261 neque
932 4196 1002 4246 enim
1021 4197 1175 4247 contendere
1195 4196 1285 4247 debuit
1302 4196 1404 4249 Gallae·

69 4301 113 4337 rua
133 4286 203 4348 (Sex.
224 4288 305 4339 lulius
324 4289 464 4339 Africanus
482 4304 508 4352 p.
523 4285 551 4353 7)
576 4288 660 4339 vicum
678 4304 705 4338 re
725 4287 829 4353 publica
848 4295 977 4338 carentem
996 4304 1048 4338 non
1067 4290 1151 4338 solum
1171 4289 1305 4354 Nicopolis
1328 4304 1405 4339 voca·

70 4378 132 4428 bulo
151 4394 224 4429 usum
246 4395 312 4441 esse,
340 4381 384 4431 sed
403 4381 468 4431 adeo
488 4396 606 4432 nummos
625 4388 756 4446 percutere
776 4381 896 4445 potuisse.
941 4382 1024 4430 Immo
1048 4396 1137 4431 verum
1161 4389 1200 4431 est
1224 4382 1294 4446 quod
1318 4381 1405 4431 obser·

71 4472 141 4520 verit
159 4472 253 4536 Sauley
279 4473 478 4540 (aestismatipae
503 4471 533 4522 cle
553 4473 580 4523 la
599 4480 664 4523 terre
683 4474 764 4524 sainte
790 4490 815 4539 p.
832 4472 894 4535 174)
920 4472 1130 4538 confirmavitque
1155 4473 1217 4523 mihi
1242 4488 1405 4523 nummorum

71 4564 239 4626 peritissimus
259 4566 420 4615 existimator
438 4566 601 4636 Haimannus
620 4566 762 4627 Parisinus,
788 4566 899 4630 priorem
920 4573 987 4615 certe
1007 4581 1140 4615 nummum
1158 4571 1263 4630 propter
1282 4564 1405 4615 fabricam

70 4655 268 4706 abiudiesndum
288 4672 343 4708 esse
357 4658 519 4708 Palaestinae
539 4664 564 4706 et
583 4662 643 4722 prae
664 4674 691 4708 se
709 4659 776 4708 ferre
796 4659 905 4722 patriam
923 4665 967 4708 aut
981 4659 1133 4708 Armeniam
1146 4664 1191 4707 aut
1204 4657 1406 4720 Commagenen.

70 4748 187 4811 Accedit,
208 4750 277 4813 quod
296 4751 333 4798 ita
352 4765 396 4799 era
414 4756 481 4799 recte
501 4751 650 4814 expeditur;
671 4765 730 4800 nam
751 4750 783 4799 ab
802 4763 825 4799 a.
838 4766 862 4814 p.
875 4750 936 4800 Cbr.
953 4752 984 4799 71
1006 4749 1114 4807 (scilicet
1133 4750 1165 4799 ab
1183 4747 1316 4810 autumno)
1335 4745 1407 4811 Κομ-

69 4837 172 4904 μαγηνοί
196 4838 236 4888 sal
255 4839 416 4906 Σαμοσατοῖς
438 4829 495 4898 rade
520 4839 608 4891 ἑαυτῶν
633 4838 774 4909 ἀριθμοῦσι
799 4829 910 4912 χρὸνους
934 4841 1006 4904 (chr.
1026 4842 1119 4892 Pasch.
1140 4859 1165 4907 p.
1179 4842 1246 4902 4643
1271 4838 1406 4890 Eckhela

71 4945 96 4993 p.
113 4931 184 4992 252).
228 4933 319 4983 Fuisse
338 4934 392 4983 eius
412 4935 524 4984 nominis
548 4949 601 4984 rem
626 4935 754 4999 publicam
778 4935 805 4984 iu
826 4933 998 4998 Commagene
1018 4949 1073 4984 cum
1094 4933 1198 4983 aliunde
1222 4948 1274 4982 non
1299 4936 1407 4993 constet,

71 5023 136 5071 nibil
155 5039 310 5090 magnopere
328 5027 448 5090 impedit,
473 5027 609 5092 quominus
629 5027 665 5076 ibi
686 5042 786 5091 quoque
805 5027 941 5090 Nicopolis
960 5026 1048 5092 aliqua
1069 5025 1160 5088 luerit,
1185 5029 1332 5088 nuncupata
1354 5022 1407 5072 ior·

70 5121 138 5165 tasse
162 5116 194 5166 ab
218 5117 275 5182 ipsa
299 5118 344 5169 illa
367 5119 477 5170 victoria
496 5134 558 5170 sane
582 5133 674 5185 pamm
700 5125 818 5182 cruenta,
843 5134 919 5183 quam
944 5120 976 5170 de
1000 5133 1059 5185 rege
1083 5115 1215 5170 Antiocho
1233 5112 1409 5182 Vespasianus

71 5219 95 5256 a.
111 5208 144 5257 72
165 5210 313 5273 reportavit.

1143 5312 1180 5377 ss
