3450 5828
565 520 1164 582 ossasvsmonnenrmnsrmosn.
1468 505 1538 576 157

209 613 1539 642 ......-..-.—..t-.--—-—-—--—-—-.

200 702 241 758 ad
267 701 465 777 magistratus
485 696 592 759 Italiae
621 701 835 776 praesidesque
864 701 1092 776 provinciarum.
1135 700 1185 758 Ab
1212 700 1249 758 iis
1278 720 1344 759 cum
1374 701 1538 760 secundum

203 800 314 861 Dionis
335 801 437 862 locum
459 819 551 878 snpra
571 801 697 861 relatum
712 799 808 862 Gaius
831 801 1018 874 abstinuerit,
1040 801 1233 861 nihilominus
1254 811 1351 860 autem
1366 804 1468 861 statim
1491 819 1539 861 sa-

202 911 387 963 cramentum
409 923 465 982 per
479 904 651 963 universum
666 903 768 963 orbem
784 911 929 962 terrarum
943 904 1111 962 Romanum
1132 903 1308 980 praestitum
1330 922 1397 962 esse
1419 903 1539 963 tabulae

201 1022 297 1083 supra
316 1005 433 1066 relatae
454 1005 615 1072 declarent,
636 1005 808 1064 necessario
831 1005 966 1082 sequitur
981 1004 1061 1065 Gaio
1077 1007 1256 1082 imperatore
1277 1006 1356 1064 lacto
1378 1005 1408 1063 id
1431 1015 1538 1082 sponte

202 1115 376 1183 susceptum
397 1124 481 1178 esse3
509 1107 541 1165 id
562 1106 643 1183 quod
670 1107 739 1164 item
762 1108 879 1185 egregie
901 1109 1039 1166 convenit
1063 1107 1198 1185 publicae
1227 1107 1373 1178 laetitiae,
1400 1126 1460 1183 qua
1485 1108 1538 1165 illa

202 1207 321 1286 imperii
348 1208 509 1267 translatio
530 1224 634 1267 omnes
657 1217 745 1267 antea
771 1219 914 1286 posteave
936 1208 1030 1266 factas
1052 1209 1140 1285 longe
1163 1209 1328 1285 superarit,
1357 1209 1394 1266 ab
1417 1209 1537 1284 aequali

203 1308 333 1368 Philone
359 1310 529 1369 luculenter
556 1319 695 1369 enarrata
720 1320 751 1368 et
776 1311 913 1369 similiter
933 1311 1002 1368 item
1026 1312 1180 1368 enuntiata
1206 1311 1235 1368 in
1265 1310 1390 1367 exordio
1419 1309 1537 1368 tabulae

203 1411 375 1470 Aeniorum.
418 1411 467 1471 Ita
488 1430 556 1471 cunr
578 1411 734 1470 formulam
762 1411 836 1471 iuris
858 1411 975 1470 iurandi
998 1429 1057 1469 non
1084 1413 1223 1489 princeps
1245 1412 1379 1483 dictarit,
1410 1410 1463 1469 sed
1486 1411 1536 1487 qui

203 1520 427 1571 sacramentum
448 1513 523 1572 illud
544 1513 633 1590 primi
655 1514 878 1590 praestiterunt,
900 1513 929 1570 id
951 1521 1006 1582 est,
1030 1522 1061 1570 ut
1076 1514 1118 1571 ait
1134 1513 1256 1571 Tacitus
1279 1513 1308 1570 in
1325 1513 1456 1584 Tiberio,
1479 1512 1536 1570 Ro·

202 1632 266 1672 rnae
286 1615 417 1673 commiss
441 1623 540 1690 patrea
561 1632 658 1690 eques,
685 1615 716 1672 in
740 1612 818 1674 Gaio
840 1614 928 1674 facile
954 1615 1106 1673 immutari
1132 1615 1229 1691 potuit
1250 1623 1279 1672 et
1301 1615 1418 1690 augeri,
1445 1613 1537 1690 idque

204 1714 406 1775 rarefactum
428 1733 496 1775 ease
510 1716 669 1774 verisimile
692 1725 747 1788 cst,
770 1734 948 1792 quamquam
972 1725 1052 1774 certo
1074 1716 1104 1773 id
1127 1715 1324 1775 demonstrari
1346 1735 1404 1774 non
1427 1722 1535 1792 potest,

203 1833 268 1873 curn
291 1817 448 1893 sollemnis
471 1817 600 1876 formula
622 1818 800 1877 sacramenti
815 1818 911 1893 qualis
934 1818 1026 1876 fuerit
1047 1818 1207 1894 ignoretur.
1232 1851 1267 1860 -
1293 1817 1328 1875 ln
1350 1826 1536 1876 sacramento

202 1926 331 1993 auoque
353 1918 565 1996 distinguenda
585 1930 655 1978 sunt
675 1920 844 1979 communia
869 1927 1137 1990 sacramentorum,
1164 1938 1368 1996 quaecumque
1390 1920 1480 1977 Aritii
1507 1927 1536 1976 et

202 2019 277 2078 Asai
302 2019 424 2095 publice
446 2020 651 2098 adigerentur,
679 2029 709 2080 et
737 2023 860 2098 propria
882 2022 1059 2080 sacramenti
1082 2020 1274 2097 imperatorii.
1319 2019 1465 2079 Clausala
1487 2038 1535 2079 sa·

202 2121 348 2180 eramenti
375 2130 436 2180 tam
457 2121 568 2183 Latina
588 2141 677 2199 quam
701 2120 819 2182 Graeca
845 2123 882 2180 ad
905 2123 1074 2181 communia
1101 2123 1246 2197 pertinen
1276 2122 1356 2181 illam
1384 2123 1455 2180 olim
1483 2122 1534 2180 ob·

201 2232 354 2281 servatum
377 2233 425 2282 eat
444 2223 541 2284 redire
563 2224 593 2282 in
615 2224 774 2284 annalibus
796 2224 867 2282 belli
883 2222 1124 2300 Hannibalici1),
1147 2225 1220 2282 haec
1242 2223 1348 2282 iisdem
1369 2223 1468 2282 verbis
1490 2243 1533 2281 re·

200 2323 316 2400 peritur
336 2323 368 2383 iu
390 2324 484 2385 titulis
507 2326 575 2385 aliis
598 2323 722 2386 Graecis
732 2323 773 2402 ²).
816 2324 948 2384 Numina
970 2343 1088 2402 quoque
1111 2326 1279 2385 communia
1305 2336 1389 2396 sunt,
1416 2345 1452 2382 ea
1479 2324 1535 2382 sci·

201 2424 273 2484 licet
293 2443 349 2501 per
362 2443 441 2503 quae
455 2427 617 2487 secundum
640 2427 728 2486 unius
748 2428 890 2505 cuiusque
906 2429 1036 2486 civitatis
1060 2428 1139 2504 leges
1162 2416 1283 2503 publice
1297 2428 1421 2485 iuratur.
1454 2425 1534 2484 Nam

202 2525 285 2601 qnod
305 2528 394 2587 Assii
418 2529 519 2588 iurant
544 2547 598 2606 per
624 2530 747 2588 numina
773 2548 829 2589 sua
855 2548 936 2588 more
961 2528 1092 2601 Graeco,
1121 2529 1261 2587 Lusitani
1290 2547 1371 2587 more
1397 2529 1534 2586 Romano

202 2628 353 2705 peregrini
376 2631 504 2707 utrique,
525 2630 557 2689 id
578 2649 644 2689 cum
666 2649 703 2690 eo
718 2633 906 2690 coniunctum
921 2641 976 2703 est,
999 2632 1078 2706 quod
1093 2631 1135 2688 illi
1154 2629 1272 2690 Graeca
1286 2631 1388 2708 lingua
1403 2641 1534 2702 utuntur,

201 2728 234 2786 lri
254 2727 366 2788 Latina
387 2740 417 2788 et
437 2732 558 2791 omnino
582 2733 661 2811 quod
683 2734 839 2811 imperium
863 2732 1028 2791 Romanum
1052 2750 1110 2790 non
1135 2733 1177 2791 ita
1199 2741 1231 2789 ut
1253 2730 1372 2791 Graeca
1392 2734 1535 2791 barbaro·

201 2848 269 2889 rum
289 2848 412 2909 quoque
432 2851 509 2911 quos
536 2832 638 2894 dicunt
662 2835 798 2894 instituta
824 2835 945 2911 publica
970 2835 1090 2893 admisit
1116 2847 1146 2893 et
1168 2851 1223 2891 sua
1246 2834 1433 2911 aliquatenus
1454 2835 1533 2893 fecit.

202 2928 312 2991 Gaiani
335 2936 517 2994 sacramenti
537 2937 662 3014 propria
683 2937 757 2996 haec
778 2956 838 2995 non
861 2946 938 2995 sunt.
972 2934 1032 2995 Sed
1054 2936 1152 3011 ipsum
1168 2936 1248 3012 quod
1270 2937 1384 2994 iuratur
1402 2939 1433 2995 in
1453 2946 1532 2994 utro·

202 3051 260 3109 que
280 3034 481 3095 instrumento
503 3036 545 3096 ita
566 3038 655 3114 parili
671 3039 760 3097 modo
782 3038 925 3113 procedit,
949 3047 981 3096 ut
1002 3045 1103 3115 aperte
1125 3058 1162 3096 ex
1177 3038 1306 3096 formula
1322 3038 1450 3116 pendeat
1471 3048 1533 3099 tam

201 3132 358 3196 Lusitanis
378 3155 470 3214 quam
486 3139 610 3198 Asianis
632 3160 671 3199 ex
686 3141 759 3198 urbe
780 3131 959 3199 transmissa
980 3149 1010 3199 et
1025 3137 1094 3199 Gaii
1117 3158 1210 3198 causa
1231 3149 1383 3218 concepta.
1421 3140 1532 3198 Potue-

200 3246 272 3296 runt
295 3238 419 3307 omnino
444 3241 537 3300 rerba
562 3241 664 3300 eadem
694 3251 755 3301 tum
782 3242 920 3318 usurpari
946 3242 1056 3318 quibus
1083 3252 1152 3301 ante
1179 3240 1297 3301 Gaium.
1316 3252 1344 3302 et
1370 3256 1439 3318 post
1466 3261 1532 3300 eum

201 3338 281 3398 cives
303 3338 472 3419 subditique
494 3341 723 3420 imperatoribus
747 3355 963 3405 sacramentum
992 3345 1218 3422 praestiterunt3
1246 3345 1297 3404 scd
1319 3344 1415 3421 magis
1439 3343 1531 3403 credi·

201 3438 294 3499 derirn
316 3442 348 3500 in
371 3439 520 3502 Gaiauam
543 3444 697 3521 proprium
715 3444 856 3521 quiddam
873 3446 942 3504 novi
958 3447 1145 3520 imperatoris
1161 3445 1291 3505 studium
1306 3445 1457 3516 intulisse3
1481 3464 1531 3504 ne·

200 3559 260 3618 que
282 3543 446 3603 verisimile
466 3544 497 3602 in
518 3546 611 3606 verba
632 3545 745 3607 Tiberii
768 3546 816 3605 vel
835 3546 958 3606 Traiani
981 3565 1034 3623 per
1056 3548 1224 3607 universum
1247 3549 1403 3624 imperium
1425 3547 1467 3606 ita
1488 3548 1532 3604 iu-

199 3650 299 3702 ratum
322 3662 400 3715 esse,
422 3654 455 3704 ut
476 3647 589 3705 amicos
611 3646 748 3707 hostesne
771 3666 873 3708 omnes
896 3649 954 3708 sibi
975 3649 1039 3709 fore
1056 3650 1233 3724 sponderent
1247 3650 1298 3725 qui
1314 3650 1416 3707 eodem
1432 3649 1531 3707 animo

201 3744 233 3801 in
258 3744 424 3822 principem
446 3758 558 3806 essent.
605 3749 732 3809 Accedit
753 3750 833 3824 quod
860 3748 1017 3810 formulam
1043 3769 1108 3809 eam
1134 3762 1272 3809 auctores
1300 3751 1432 3809 referunt
1456 3759 1530 3807 tam-

200 3863 292 3921 quam
313 3846 496 3924 singularem
517 3856 547 3907 et
569 3849 718 3909 insolitam
740 3850 869 3909 fortasse
891 3869 948 3908 non
972 3852 1067 3911 solum
1091 3860 1214 3929 propter
1236 3870 1371 3911 sororum
1391 3851 1531 3908 adiectio-

200 3964 281 4021 nem,
303 3948 468 4008 sedetiam
490 3960 612 4028 propter
634 3952 700 4029 ipsa
722 3951 821 4010 rerba.
859 3951 925 4012 Hoc
948 3960 981 4010 ut
997 3954 1027 4011 in
1043 3953 1214 4011 coniectura
1234 3954 1363 4029 positum
1380 3961 1433 4023 est,
1456 3952 1531 4010 illud

199 4058 312 4108 ceruam
346 4048 464 4109 videtur
495 4070 560 4112 esse
596 4071 663 4111 cum
699 4053 906 4112 coniuratione
941 4054 993 4112 illa
1028 4065 1135 4132 sponte
1172 4065 1311 4130 suscepta
1343 4058 1529 4112 coniunctum

198 4149 310 4224 fuisse,
339 4162 372 4210 ut
393 4160 609 4237 sacramentum
632 4171 692 4237 non
715 4154 812 4212 solum
836 4157 865 4214 in
888 4156 1007 4214 tabulas
1034 4157 1171 4233 publicas
1194 4157 1368 4228 referretur,
1397 4156 1428 4212 id
1450 4154 1528 4231 quod

197 4253 352 4311 communi
372 4253 437 4314 iure
458 4254 622 4326 obtinebat,
644 4253 696 4312 scd
719 4266 874 4332 praeterea
896 4258 933 4315 ad
954 4257 1031 4333 legis
1053 4258 1178 4316 formam
1201 4258 1232 4315 in
1248 4276 1315 4316 aere
1331 4258 1529 4333 perscriptum

258 4444 285 4506 ¹)
303 4445 395 4511 Selplc
413 4446 483 4513 apud
499 4447 602 4498 Livium
622 4446 670 4507 22,
696 4446 731 4497 53
756 4448 824 4497 elves
848 4448 958 4511 patriam
983 4449 1129 4499 deserturos
1152 4449 1221 4514 cogit
1244 4458 1272 4499 nt
1295 4451 1380 4498 iurent
1402 4448 1428 4498 in
1453 4449 1530 4497 verba

196 4536 278 4589 baeer
307 4552 341 4587 α
356 4538 406 4588 arei
422 4539 649 4599 miserereris,
678 4546 706 4588 at
728 4555 774 4605 eqo
798 4554 849 4589 rem
865 4537 992 4606 publicam
1005 4541 1100 4607 populi
1116 4541 1226 4590 Romani
1247 4557 1296 4590 aaa
1319 4539 1430 4591 deserum
1453 4556 1530 4607 aeque

195 4630 278 4680 aaa
296 4629 376 4680 cisen
393 4629 506 4681 demere
520 4631 627 4698 patior:
654 4631 680 4680 si
696 4631 777 4681 sciens
787 4630 871 4694 sallo,
898 4638 947 4680 tam
971 4647 1007 4681 me
1025 4631 1141 4700 Iuppiter
1164 4633 1269 4703 optimus
1290 4633 1412 4683 maximus
1434 4631 1530 4682 domum

187 4719 324 4786 smdeuar
341 4735 440 4789 reasque
457 4736 535 4772 neura
550 4723 658 4790 praecino
678 4721 726 4772 leto
745 4720 857 4787 adficiat.

255 4809 282 4874 ¹)
299 4812 426 4865 Proxime
444 4814 545 4864 accedit
561 4814 595 4865 ad
614 4813 682 4863 hanc
700 4813 812 4863 formula
835 4821 910 4877 paeto
929 4815 1062 4865 Latiarum
1087 4822 1112 4865 et
1131 4815 1294 4866 Olontiorum
1314 4817 1405 4866 Cretae
1430 4816 1529 4865 insulae

194 4904 313 4955 subiecta
337 4899 416 4968 (0.1.
431 4904 479 4957 (dr.
498 4906 579 4967 2554,
601 4904 678 4968 175):
708 4892 788 4975 dpvu'u
812 4891 856 4953 adr
873 4895 979 4955 Ἑστίαν
1003 4914 1050 4958 cet.
1071 4902 1206 4975 adoperiam
1230 4903 1273 4975 ple
1297 4895 1357 4974 ἧμιν
1379 4894 1467 4956 relisi
1489 4904 1529 4955 aad

196 4987 295 5064 dpssa',
316 4991 458 5065 dpcpaisrrr
478 4991 505 5045 di
523 4983 554 5045 ra'
573 4991 677 5047 luania.
715 4996 817 5049 Similia
835 4999 997 5060 reperiuntur
1016 4999 1111 5049 ibidem
1131 5016 1155 5049 n.
1172 5000 1251 5048 1688.
1272 4999 1351 5048 2555.
1372 5001 1457 5061 3137;
1477 4999 1529 5062 egit

194 5086 229 5138 de
248 5088 306 5152 his,
329 5089 410 5141 ctiam
432 5089 465 5140 de
484 5089 570 5140 forma
588 5084 710 5156 Ιψιορκιῖν
734 5087 775 5137 rel
798 5084 909 5156 Ιψορκεῖν
933 5105 979 5154 pro
1003 5087 1134 5158 inrepente,
1161 5089 1307 5140 Bosekbius
1328 5091 1422 5140 ibidem
1447 5090 1526 5138 roll

194 5180 299 5245 15808.
