3450 5828
194 494 264 565 646
765 515 950 567 nomiman

640 617 752 625 --.-—-

192 698 290 746 autem
312 689 443 746 modium
465 708 532 747 eum
555 707 631 760 esse,
654 690 705 764 qui
727 689 807 765 apud
823 689 977 747 Romanos
1000 689 1180 764 generaliter
1201 690 1338 762 obtinuit,
1361 690 1454 766 periti
1469 709 1531 748 om-

191 808 245 848 nes
267 799 375 850 norunt
386 789 423 865 ¹).

234 891 442 968 Sportularum
471 895 654 952 taxationem
683 895 779 971 ipsam
807 895 965 952 aestimare
993 894 1117 952 arduum
1147 903 1206 967 est,
1239 911 1293 951 nec
1320 895 1400 953 inter
1433 895 1530 952 nostri

191 998 393 1054 commentarii
416 998 491 1056 fines
513 1015 550 1053 ea
571 1015 619 1055 res
642 998 817 1054 continetur.
856 996 1064 1054 Diocletianus
1087 997 1117 1055 in
1139 996 1236 1055 edicto
1255 997 1291 1054 de
1307 997 1415 1071 pretiis
1431 1015 1529 1054 rerum

190 1098 336 1156 venalium
360 1100 496 1175 operario
519 1099 631 1157 rustico
655 1107 741 1173 pasto
764 1099 841 1155 solvi
863 1098 944 1156 iubet
966 1098 1088 1156 diurnos
1111 1098 1250 1157 denarios
1267 1096 1414 1173 XXV2),
1438 1098 1528 1156 advo·

192 1207 273 1272 cato,
302 1209 334 1257 ut
357 1218 449 1279 supra
471 1202 615 1271 vidimus,
644 1219 697 1276 pro
721 1201 921 1275 postulatione
949 1200 1088 1259 denarios
1111 1198 1269 1277 QOXXV3
1304 1200 1382 1258 idem
1413 1201 1527 1278 speltae

191 1302 334 1373 mundae,
368 1305 450 1361 cuius
480 1305 606 1379 pretium
635 1303 790 1379 probabile
817 1311 863 1360 cst
889 1324 907 1360 a
935 1302 1074 1360 frumenti
1107 1321 1167 1360 non
1201 1302 1325 1361 multum
1354 1304 1527 1373 recessisse,

191 1414 371 1464 castrensem
394 1405 539 1475 modium,
567 1406 617 1480 qui
641 1406 756 1462 ridetur
779 1423 907 1479 aequare
934 1405 1048 1462 modios
1075 1405 1215 1480 vulgares
1242 1404 1333 1475 duos,
1360 1405 1419 1462 emi
1446 1405 1525 1463 iubet

192 1507 321 1566 denariis
337 1505 372 1566 C.
409 1505 450 1565 Hi
470 1507 584 1565 numeri
599 1526 665 1564 cum
682 1507 887 1564 taxationibus
904 1507 1054 1565 Africanis
1070 1508 1241 1583 comparari
1252 1514 1404 1583 poterunt.
1441 1505 1527 1566 Gom-

193 1611 290 1683 parari
313 1610 384 1667 item
408 1618 516 1684 potest,
539 1609 620 1684 quod
636 1609 752 1684 collega
766 1610 897 1685 optimus
912 1609 1080 1667 Richardus
1095 1608 1218 1667 Boeckh
1234 1610 1389 1684 quaerenti
1405 1626 1526 1686 respon-

192 1712 244 1784 dit,
267 1712 397 1769 modium
414 1711 551 1769 Italicum
574 1711 626 1787 (=
640 1711 697 1769 litr.
712 1712 739 1770 8.
754 1710 807 1785 75)
830 1720 863 1768 ut
885 1711 1024 1768 aestimes
1047 1719 1151 1769 nostra
1173 1712 1299 1787 pecunia
1320 1729 1425 1769 marea
1450 1711 1527 1769 att

192 1814 230 1871 ad
256 1816 281 1870 1.
294 1813 379 1888 31³),
402 1832 455 1888 pro
471 1813 671 1890 postulatione
686 1812 830 1871 advocato
847 1814 962 1872 solutas
978 1831 1045 1872 esse
1068 1833 1106 1871 m.
1124 1814 1151 1872 9.
1166 1812 1204 1871 69
1228 1813 1265 1870 sd
1282 1814 1309 1871 6.
1326 1814 1376 1872 56.
1416 1812 1444 1870 E
1460 1830 1527 1871 coa·

192 1916 284 1973 trario
306 1914 385 1991 quod
408 1915 495 1973 modo
518 1917 748 1973 memoravimus
770 1916 800 1972 in
824 1916 1033 1974 constitutione
1056 1915 1125 1972 anni
1141 1916 1201 1974 445
1225 1915 1314 1973 tritici
1336 1914 1457 1974 modios
1472 1913 1527 1972 XL

193 2018 289 2076 solido
317 2017 518 2094 aequiparari,
547 2022 574 2076 si
601 2018 636 2074 ad
666 2018 739 2075 liaeo
767 2019 877 2076 referre
906 2018 1019 2088 licebit,
1047 2017 1163 2076 solidus
1190 2016 1338 2093 (pendens
1365 2034 1412 2092 gr.
1428 2017 1458 2074 4.
1474 2014 1525 2091 55)

192 2138 257 2178 cum
280 2119 371 2177 faciat
392 2119 454 2177 fere
475 2120 620 2196 pecuniae
642 2132 763 2177 nostrae
786 2137 903 2178 marcas
933 2118 979 2176 12.
997 2121 1024 2188 7,
1055 2138 1110 2194 pro
1133 2119 1336 2195 postulatione
1359 2118 1463 2177 soluta
1483 2125 1528 2176 est

192 2241 294 2280 marca
315 2222 377 2279 fere
400 2240 458 2279 una
480 2240 544 2279 cum
568 2221 700 2279 dimidia.
738 2220 827 2294 Quod
850 2222 999 2297 significat
1015 2221 1192 2279 Ammianus
1214 2220 1445 2297 (ss,1,1s)in
1461 2238 1526 2277 nar·

193 2325 294 2382 randis
320 2324 409 2382 rebus
436 2324 529 2399 gestis
556 2326 586 2381 in
613 2324 715 2380 Africa
744 2343 770 2380 a.
792 2324 850 2382 368
879 2324 1010 2382 modium
1040 2324 1129 2381 tritici
1156 2324 1185 2381 in
1213 2324 1326 2381 vilitate
1353 2323 1412 2379 emi
1441 2321 1526 2381 solidi

193 2437 277 2503 parte
305 2427 468 2498 tricesima,
497 2427 527 2484 in
550 2426 672 2483 caritate
696 2426 785 2483 solidi
811 2436 895 2501 parte
923 2426 1049 2496 decima,
1078 2445 1113 2483 eo
1140 2444 1244 2501 parum
1274 2424 1469 2496 adiuvamur3
1494 2425 1525 2481 a

193 2537 289 2586 autem
314 2530 440 2604 pretium
463 2528 594 2603 quinque
616 2528 782 2586 modiorum
806 2527 967 2586 secundum
990 2528 1073 2585 illam
1094 2528 1346 2605 computationem
1361 2544 1526 2587 marcarum

193 2631 255 2689 fere
277 2631 412 2702 duarum,
436 2630 598 2689 secundum
621 2632 698 2687 banc
720 2649 886 2688 marcarum
909 2630 1025 2689 circiter
1048 2648 1112 2688 sex.

193 2766 397 2774 ——-..-—-

253 2865 275 2928 ¹)
296 2868 372 2916 Errat
391 2866 573 2930 Docrpfeldins
594 2863 689 2927 (Mittit.
709 2866 752 2916 des
771 2863 842 2915 arcia
862 2864 926 2915 Inat.
946 2867 972 2914 in
991 2863 1174 2915 attenuato
1200 2880 1225 2928 p.
1241 2863 1303 2927 352)
1329 2880 1438 2916 censens
1456 2864 1524 2914 Itali·

194 2975 250 3009 cum
270 2959 375 3024 pedem,
396 2974 452 3007 cum
474 2961 569 3008 scilicet
588 2975 663 3024 quem
683 2966 799 3009 auctores
819 2960 909 3008 aetatis
929 2959 1108 3022 imperatoriae
1128 2958 1240 3007 maxime
1258 2957 1351 3009 Gracci
1372 2972 1404 3007 eo
1424 2957 1525 3007 nomine

193 3053 333 3116 appellant,
354 3051 455 3100 differre
474 3051 625 3101 aRomano.
656 3052 793 3101 Africanus
812 3048 867 3118 περὶ
885 3046 977 3117 μίτρων
991 3047 1031 3099 καὶ
1045 3047 1165 3117 σταθμῶν
1179 3065 1211 3098 ex
1225 3051 1375 3100 recensione
1385 3048 1524 3100 Ducbesuii

193 3140 330 3204 (memoires
349 3159 392 3192 sur
412 3158 458 3193 une
476 3144 577 3194 naission
597 3162 630 3193 αιι
650 3150 716 3192 mont
728 3141 809 3192 Athos
828 3159 852 3207 p.
866 3143 927 3203 185)
948 3159 1005 3192 cum
1023 3144 1073 3192 ait:
1094 3140 1126 3213 τῇ
1138 3139 1232 3213 Αττικῇ
1252 3137 1382 3213 (δραχμῇ)
1401 3137 1525 3211 χρηστέον

195 3269 201 3282 .
218 3227 338 3303 .1πε1οιερ
360 3223 509 3302 ἶσοδιῖνοιμᾶς
530 3233 596 3284 ἔστιν
615 3233 654 3284 καὶ
675 3231 822 3292 ἰσοστάσιος
839 3234 871 3306 τῇ
888 3232 1011 3306 Ἰταλικῇ,
1033 3223 1047 3296 ἥ
1066 3235 1180 3283 καλεῖται
1200 3230 1321 3302 δηνάριον,
1344 3236 1389 3284 vix
1409 3232 1526 3299 cogitarit

196 3327 228 3375 de
247 3329 383 3377 stateribus
403 3329 551 3394 Campanis.

252 3416 277 3480 ²)
300 3419 439 3485 Operarius
462 3422 569 3482 rusticus
593 3421 671 3470 hodie
695 3423 721 3471 in
748 3422 824 3471 Italia
847 3423 873 3470 in
897 3421 1029 3484 provincia
1054 3420 1174 3470 Comensi
1201 3419 1316 3484 accipere
1341 3418 1409 3470 solet
1434 3425 1523 3469 aestate

193 3511 255 3561 liras
275 3513 300 3573 2,
321 3513 406 3562 hieme
425 3515 486 3565 liras
508 3514 569 3563 1.50
589 3515 703 3563 diurnas.
738 3515 817 3578 Apud
837 3519 963 3562 nostrates
983 3528 1075 3577 operae
1095 3513 1204 3562 rusticae
1223 3525 1283 3562 raro
1301 3511 1337 3560 ad
1356 3526 1460 3562 marcas
1477 3511 1524 3560 siu·

193 3604 266 3667 gulas
286 3605 389 3655 diurnas
409 3606 576 3656 adscendunt.

252 3694 277 3759 ³)
299 3695 354 3747 Der
367 3696 441 3747 Preia
460 3698 503 3746 des
516 3696 729 3765 Doppelceatners
748 3696 871 3748 sclccerca
883 3695 1003 3758 ll'eizcns,
1024 3697 1113 3746 scribit
1122 3696 1282 3759 Boeclrhius‚
1302 3691 1523 3746 scbwonktc18l5

194 3787 232 3839 bis
253 3787 324 3839 1881
344 3791 370 3839 in
388 3788 478 3840 Berlin
497 3788 618 3840 zwisalten
640 3786 721 3839 1828
745 3790 797 3839 ared
815 3787 898 3839 2668
911 3787 1003 3848 Mart,-
1029 3789 1112 3837 nimmt
1134 3805 1191 3837 maa
1206 3788 1256 3853 scir
1280 3786 1329 3837 das
1350 3786 1464 3838 Gewiclit
1487 3784 1525 3835 dcc

192 3880 349 3933 Heltolr'ters
368 3881 591 3932 durcltscltnt'ttlicli
611 3879 647 3931 83
660 3880 825 3948 Kr'loyrnmm,
845 3898 873 3931 ao
893 3880 988 3947 erpiebt
1005 3879 1059 3930 sicli
1071 3881 1121 3944 scir
1138 3879 1185 3930 den
1205 3877 1308 3929 Modicia
1326 3880 1368 3930 eia
1388 3878 1466 3931 Pras
1483 3893 1525 3928 coa

194 3973 256 4024 181
277 3973 316 4024 6ιό
336 3973 396 4024 aad
411 3973 496 4024 Mart.
538 3971 613 4025 Nocli
634 3973 681 4022 (lea
699 3976 746 4022 me'r
766 3991 814 4024 aon
833 3972 879 4022 der
902 3971 1070 4023 atatista'scltcn
1092 3971 1326 4023 Generalcls'recta'on
1351 3974 1380 4022 ia
1398 3971 1464 4023 Rom
1487 3985 1525 4038 9ο-

185 4066 294 4133 sdllz'pst
312 4066 489 4133 mitpetlteilten
508 4064 631 4133 Aaqabea
650 4065 791 4116 schwaarlte
810 4067 837 4115 in
856 4064 986 4115 desselben
1005 4063 1105 4114 Jalrea
1123 4063 1168 4114 der
1186 4062 1330 4113 Heltola'tcr
1345 4062 1448 4114 Weiaaa
1468 4063 1526 4126 (lm-

193 4167 280 4210 mento
299 4159 405 4224 gentile)
431 4161 459 4209 ia
479 4157 579 4209 Verona
602 4157 723 4208 zwt'aclasa
746 4155 829 4208 2617
852 4157 904 4207 arrd
928 4153 1022 4219 1925,
1050 4158 1076 4205 ιἰι
1095 4154 1204 4206 Floreat
1231 4154 1355 4216 swiacbea
1374 4152 1461 4206 3008
1482 4151 1529 4206 aad

193 4247 275 4300 2281
295 4249 357 4300 Lt're
379 4251 457 4311 Gold-
484 4250 584 4300 clanaclt
604 4249 671 4300 stelit
689 4249 742 4300 siet
754 4251 804 4313 scir
823 4249 870 4299 den
888 4247 992 4298 Medias
1011 4248 1056 4300 der
1075 4247 1150 4298 Pacis
1169 4247 1234 4298 nacla
1253 4247 1301 4298 dea
1318 4245 1462 4300 Veroaeaer
1481 4249 1529 4298 Aa·

194 4344 277 4392 sdtcen
296 4341 417 4393 :wisc-ten
437 4340 501 4393 229
519 4342 572 4393 arad
591 4340 661 4404 166,
682 4341 746 4392 sraela
766 4341 811 4391 den
826 4339 987 4391 Floreatiner
1005 4339 1127 4391 :tec'scltea
1146 4337 1211 4390 263
1229 4339 1282 4390 uad
1295 4338 1360 4390 1.97
1380 4339 1448 4392 Lirc
1469 4336 1532 4390 Gold

195 4433 255 4484 oder
274 4434 331 4485 clort
350 4434 471 4486 ccciscltca
493 4433 555 4486 1.85
573 4434 625 4484 aad
646 4432 715 4495 181,
736 4432 790 4484 ln'er
809 4433 930 4485 :wisclen
949 4430 1013 4483 2112
1031 4433 1083 4482 ccrrd
1103 4429 1165 4482 168
1177 4429 1263 4482 Mark.
