3450 5828
554 495 857 548 oussnvn'rrouus
885 498 1168 549 uureaarurosn.
1455 477 1525 548 627

195 691 250 733 nec
272 689 370 728 rerum
393 670 466 727 ordo
488 670 540 744 qui
562 677 625 730 tum
647 670 704 730 fuit
725 679 804 730 recte
825 671 951 747 patitur,
978 680 1011 730 ut
1033 672 1194 749 dignitates
1215 671 1284 730 illae
1306 689 1398 747 snpra
1419 673 1528 750 magis·

195 783 274 833 trum
297 772 464 831 officiorum
488 773 649 832 eminentes
672 785 761 848 caput
783 773 875 832 officii
899 774 936 831 ab
960 774 1017 833 hoc
1038 774 1214 849 acceperint.
1252 773 1360 850 ltaque
1382 782 1529 850 quatenus

196 875 357 935 seeundum
388 875 485 952 legum
515 883 647 933 tenorem
676 877 816 951 princeps
846 877 1037 934 constituitur
1070 875 1152 950 (nam
1181 875 1310 934 definitis
1344 876 1529 953 singularum
1571 917 1574 924 ·

196 978 363 1037 officiorum
391 978 491 1048 annis,
525 977 647 1035 definito
674 979 743 1035 item
771 977 874 1036 ordine
901 978 1045 1037 officiales
1075 997 1143 1037 vere
1173 977 1283 1036 fiebant
1315 978 1411 1054 magis
1439 996 1529 1053 quam

196 1080 398 1154 creabantur),
421 1079 450 1136 in
474 1079 554 1136 hisce
575 1079 683 1136 officiis
706 1079 882 1138 constitutus
906 1081 947 1138 sit
967 1098 1088 1139 necesse
1109 1087 1155 1138 est
1177 1100 1194 1137 a
1217 1081 1392 1158 magistratu
1413 1080 1460 1138 cui
1478 1098 1530 1155 ap·

196 1182 330 1258 parebat.

238 1283 395 1358 Principes
424 1283 555 1359 reliquos
589 1284 747 1359 quominus
775 1285 967 1342 constitueret
994 1284 1135 1360 magister
1167 1284 1330 1342 officiorum
1364 1303 1401 1341 ex
1428 1283 1532 1342 schola

197 1386 254 1444 sibi
276 1385 394 1444 subdita
415 1386 564 1461 agentium
587 1386 617 1442 in
642 1387 743 1456 rebus,
766 1387 896 1462 dignitas
916 1405 975 1444 non
998 1387 1188 1463 impediebat,
1211 1405 1276 1444 cum
1292 1386 1426 1463 exceptis
1442 1403 1533 1461 supra

198 1487 286 1546 dictis
319 1487 511 1564 magistratus
551 1505 654 1544 omnes
688 1489 753 1564 ipse
785 1489 985 1564 praecederet.
1044 1488 1161 1546 Favent
1190 1489 1259 1546 item
1288 1488 1314 1544 ci
1346 1488 1531 1547 coniecturae

197 1590 439 1661 constitutiones,
463 1589 639 1664 ubicumque
663 1589 808 1647 eiusmodi
832 1590 999 1666 principum
1021 1590 1165 1665 originem
1193 1599 1433 1661 commemorant,
1455 1590 1532 1648 hana

196 1680 293 1768 ipsam
316 1693 506 1749 enuntiantes
518 1691 554 1765 ¹).
615 1691 753 1767 Denique
779 1689 894 1750 Notitia
919 1691 1106 1768 Dignitatum
1136 1693 1247 1768 passim
1278 1693 1428 1770 significat
1452 1693 1532 1770 prin·

197 1795 291 1871 cipem
314 1794 392 1852 sumi
416 1794 449 1851 de
471 1793 568 1851 schola
590 1797 731 1868 speretium
752 1797 782 1850 in
804 1795 887 1851 rebus
914 1801 1031 1851 etcum
1057 1794 1096 1851 ad
1122 1793 1253 1870 reliquos
1280 1794 1424 1852 officiales
1451 1794 1533 1853 nulla

198 1895 305 1954 similis
321 1904 392 1953 nota
408 1913 531 1970 usquam
548 1894 698 1971 adscripta
713 1895 887 1971 reperiatur,
910 1913 974 1952 eam
991 1895 1168 1954 electionem
1182 1896 1366 1972 principibus
1379 1897 1532 1973 propriam

198 2014 280 2068 esse,
306 1997 437 2072 reliquos
460 1997 607 2055 officiales
630 2017 668 2054 ex
692 1997 757 2071 ipso
779 1996 879 2054 officio
901 1996 1050 2072 proficisci
1073 2016 1132 2055 non
1155 1998 1281 2056 obscure
1303 1997 1423 2057 indicat.
1468 1995 1534 2056 Nsc

196 2099 356 2177 quisquam
379 2099 486 2175 opinor
508 2099 704 2157 dubitavisset
726 2099 763 2156 ad
785 2098 874 2155 huius
896 2099 1012 2175 generis
1028 2100 1178 2174 principes
1193 2117 1374 2158 omneseam
1388 2101 1533 2176 originem

196 2202 360 2278 pertinere,
389 2201 445 2259 nisi
467 2201 587 2259 obstare
609 2201 675 2258 visa
698 2211 777 2258 esset
797 2200 925 2258 formula
946 2202 980 2258 cie
1002 2202 1094 2260 eodem
1115 2203 1208 2278 officio
1230 2202 1342 2277 passim
1364 2202 1395 2260 in
1416 2200 1535 2260 Notitia

198 2304 295 2362 obvia.
329 2303 404 2361 Eam
425 2303 538 2361 seilicet
560 2303 615 2359 viri
639 2303 715 2360 docti
738 2302 905 2361 maluerunt
919 2303 962 2361 ita
983 2304 1183 2380 interpretari,
1206 2312 1238 2362 ut
1259 2304 1304 2362 his
1327 2304 1425 2363 verbis
1442 2304 1534 2380 signi·

197 2406 301 2464 ficetur
322 2406 406 2481 origo
429 2424 467 2463 ex
489 2406 556 2480 ipso
579 2424 615 2462 eo
638 2404 674 2461 de
696 2423 756 2479 quo
779 2406 866 2462 modo
888 2406 986 2481 agitur
1007 2406 1116 2479 officio,
1139 2424 1228 2481 quam
1251 2407 1360 2463 referre
1387 2405 1425 2463 ad
1450 2424 1534 2481 prae·

198 2507 342 2578 cedentia,
366 2517 398 2564 ut
419 2506 462 2564 sic
484 2506 568 2582 origo
591 2506 735 2582 principis
757 2507 894 2583 proxime
916 2509 1071 2566 memorati
1094 2507 1132 2565 ad
1158 2515 1331 2583 sequentem
1353 2507 1533 2585 porrigatur,

198 2627 294 2685 neque
318 2610 382 2666 sine
405 2626 512 2679 eausa;
543 2627 611 2666 nam
635 2608 813 2684 quibusdam
839 2608 913 2667 locis
941 2619 991 2668 aut
1019 2609 1102 2666 nulla
1128 2609 1253 2687 originis
1279 2609 1420 2667 indicatio
1447 2629 1533 2686 prae-

198 2708 316 2786 cedit²)
338 2718 389 2768 aut
410 2710 436 2766 ei
459 2729 535 2786 qnae
560 2711 693 2786 sequitur
715 2729 818 2787 parum
842 2710 962 2788 aptai).
1002 2709 1209 2770 Nihilominus
1231 2712 1438 2786 interpretatio
1461 2712 1535 2770 haee

199 2830 295 2889 neque
317 2813 416 2871 verbis
439 2822 518 2870 recte
540 2814 680 2871 convenit
701 2831 796 2888 neque
819 2814 1037 2889 reprobabilis
1060 2821 1114 2872 est.
1161 2813 1296 2872 Primum
1318 2832 1385 2871 cum
1412 2815 1442 2872 in
1469 2815 1534 2873 uni-

198 2933 317 2974 versnm
341 2915 378 2971 ad
400 2904 495 2972 locum
519 2915 548 2971 in
572 2914 671 2972 officio
692 2915 870 2973 eminentem
899 2936 936 2974 ex
964 2916 1096 2975 eiusdem
1118 2915 1211 2973 officii
1237 2915 1313 2974 locis
1341 2916 1533 2974 inferioribus

198 3016 404 3093 perveniatur,
432 3035 525 3093 paene
548 3016 678 3093 ineptum
702 3017 800 3075 estid
823 3018 983 3087 enuntiari,
1014 3018 1104 3095 plane
1125 3036 1185 3075 non
1206 3016 1359 3075 ferendum
1384 3027 1481 3076 autem
1504 3016 1533 3074 id

199 3118 348 3178 enuntiari
369 3118 400 3176 in
423 3119 556 3194 principe
584 3118 662 3189 solo,
689 3138 755 3176 eum
785 3120 967 3194 reliquorum
994 3119 1249 3178 cohortalinorum
1280 3119 1415 3178 condicio
1443 3119 1534 3195 plane

198 3221 302 3279 eadem
327 3221 375 3278 sit.
420 3221 545 3277 Accedit
565 3221 645 3295 quod
669 3221 849 3298 principibus
873 3224 1100 3298 magistratuum
1124 3239 1321 3293 summorum,
1347 3238 1422 3297 quos
1449 3220 1532 3279 dubi·

199 3324 257 3382 tari
278 3341 337 3381 non
359 3330 459 3398 potest
485 3341 554 3379 vera
580 3341 619 3379 ex
644 3323 720 3398 ipsis
747 3323 855 3380 officiis
883 3323 919 3381 ad
948 3342 1014 3382 eum
1043 3324 1141 3383 locum
1169 3324 1357 3399 pervenisse,
1387 3322 1534 3383 eiusmodi

196 3519 378 3588 praetorianas
395 3515 510 3568 cobortes
528 3523 551 3565 et
569 3514 681 3566 urbanae
695 3517 874 3583 praejecturae
893 3518 983 3568 milites
1000 3517 1132 3568 uideantur
1150 3519 1274 3569 inuenisse
1282 3519 1428 3585 primatum,
1449 3536 1466 3568 a
1478 3519 1532 3585 qui·

200 3611 245 3662 bus
263 3609 310 3661 tibi
327 3609 417 3661 humile
435 3607 579 3659 solvebatur
598 3607 745 3675 obsequium,
766 3618 791 3659 et
806 3613 847 3670 11,
866 3611 913 3660 35:
933 3612 1058 3677 agentium
1077 3612 1103 3661 in
1122 3608 1196 3660 rebus
1212 3611 1282 3662 miles
1295 3610 1375 3678 officii
1477 3610 1533 3660 idea

199 3704 325 3772 principis
344 3718 427 3752 nornen
447 3699 538 3750 babere
555 3703 702 3768 promeruit,
732 3703 792 3767 quia
811 3702 1099 3761 militiaesacramentis
1118 3710 1213 3753 ceteras
1236 3702 1365 3754 antecellit
1465 3710 1490 3752 et
1507 3709 1534 3751 ut

199 3797 363 3847 reuerentiam
378 3795 561 3861 praetorianae
579 3793 646 3842 sedis
665 3793 800 3854 extolleret,
822 3801 879 3843 tunc
899 3793 934 3842 acl
952 3796 1005 3843 eius
1025 3795 1090 3843 uenit
1109 3792 1250 3860 obsequium
1270 3793 1370 3861 quando
1390 3792 1534 3844 uocabulum

200 3889 282 3955 coepit
301 3885 391 3936 babere
408 3887 580 3953 praecipuum.
613 3887 710 3935 Verum
730 3894 768 3934 est
786 3885 832 3934 sub
853 3887 1021 3950 dispositione
1040 3886 1162 3950 praefecti
1181 3886 1252 3936 urbis
1275 3887 1380 3951 proprie
1404 3887 1533 3950 praesides

200 3980 285 4030 nullos
304 3994 367 4040 csse,
388 3979 433 4028 sed
453 3988 576 4043 quatenus
596 3993 611 4026 a
630 3978 748 4042 praeside
766 3978 908 4041 praefectus
925 3979 995 4028 urbis
1016 3979 1159 4043 appellatur
1180 3976 1215 4038 (v.
1229 3993 1254 4042 p.
1266 3978 1339 4041 624),
1360 3985 1428 4028 reeta
1442 3978 1534 4042 opinor

200 4072 327 4122 eiusmodi
346 4072 472 4135 praesidis
492 4072 649 4134 apparitores
669 4071 793 4119 militibus
812 4071 987 4134 praefecturae
1007 4071 1119 4121 urbanae
1139 4070 1349 4120 adnumerantur.
1393 4069 1533 4120 Conferen-

200 4164 249 4213 dns
268 4164 329 4212 item
348 4162 437 4225 Lydus
456 4164 488 4211 de
507 4177 574 4226 mag.
593 4165 618 4223 2,
635 4165 716 4211 10=
732 4164 758 4225 3,
771 4165 814 4212 40.

259 4253 283 4315 ¹)
303 4255 332 4304 C.
347 4254 397 4303 Th.
418 4253 444 4316 6,
463 4254 506 4316 23,
526 4256 540 4303 3
561 4268 585 4303 a.
600 4255 666 4304 386:
692 4255 832 4320 epentesis
850 4253 923 4305 rebus
939 4262 1000 4322 post
1012 4254 1126 4322 palmam
1146 4252 1243 4304 labaris
1261 4254 1357 4304 ammiti
1370 4254 1535 4320 principatus

200 4345 292 4398 honore
310 4361 474 4395 muneramus.
506 4346 579 4395 Idem
598 4346 707 4396 efficitur
726 4362 757 4395 ex
777 4349 1002 4398 constitutionibus
1021 4348 1087 4409 aliis,
1106 4354 1134 4397 ut
1154 4348 1179 4409 6,
1197 4349 1240 4410 28,
1257 4348 1273 4396 2
1292 4361 1316 4396 a.
1331 4345 1397 4408 3803
1419 4348 1444 4409 6,
1459 4343 1533 4409 29,6

200 4454 223 4489 a.
239 4439 305 4501 381;
335 4437 359 4501 6,
379 4440 422 4501 28,
442 4437 458 4486 6
478 4439 582 4501 6393,
607 4438 632 4501 6,
651 4440 694 4500 26,
715 4441 729 4487 7
750 4440 854 4501 a.410;
881 4438 905 4500 6,
925 4442 1003 4502 26,8
1029 4454 1053 4489 a.
1067 4439 1120 4490 436
1141 4446 1203 4501 cet.;
1227 4440 1289 4489 item
1314 4454 1347 4489 ex
1367 4438 1534 4490 Cassiodorio

200 4545 254 4581 var.
271 4532 313 4593 11,
333 4530 376 4580 35.

259 4620 283 4683 ²)
304 4624 407 4675 Scilicet
426 4623 471 4674 Or.
490 4626 538 4686 20,
560 4627 593 4674 10
618 4625 735 4688 princeps
755 4624 833 4673 officii
860 4624 1019 4689 proconsulis
1043 4623 1159 4674 Achaiae
1184 4625 1279 4675 dicitur
1297 4639 1352 4674 esse
1373 4616 1419 4674 ‘de
1443 4623 1534 4673 eodem

200 4705 313 4775 officio’3
335 4717 496 4780 magistratus
515 4724 600 4767 autem
620 4718 664 4781 qui
683 4718 839 4782 praecedunt
858 4717 973 4781 principe
993 4723 1087 4766 carent.

259 4805 283 4868 ³)
302 4808 343 4856 Ita
362 4807 422 4858 Oce.
438 4811 481 4869 32,
496 4811 528 4858 61
551 4810 609 4857 duci
629 4809 780 4858 Pannonias
799 4811 924 4860 secundae
944 4811 1019 4858 datur
1035 4800 1167 4874 ‘princeps
1186 4809 1218 4858 de
1238 4811 1328 4860 eodem
1349 4802 1446 4859 officio’
1466 4808 1534 4869 (eum

201 4900 334 4963 excipiunt
354 4901 401 4959 33,
423 4901 456 4950 67
479 4891 610 4963 'prinecps
634 4901 667 4949 ds
690 4901 779 4951 eodem
805 4897 899 4951 officio'
932 4902 1004 4950 ducis
1018 4902 1138 4950 Valeriae
1164 4909 1190 4950 et
1209 4903 1257 4963 34,
1283 4903 1316 4950 ts
1345 4891 1475 4965 ‘princeps
1502 4902 1534 4950 de

201 4992 293 5041 eodem
313 4984 430 5055 eorpore’
449 4992 520 5041 ducis
534 4992 686 5042 Pannoniae
706 4992 825 5057 primae);
849 4994 910 5043 item
931 4993 975 5054 33,
991 4996 1025 5043 11
1045 4994 1105 5043 duci
1122 4992 1240 5058 Belgicae
1261 4993 1387 5042 secundae
1403 4982 1534 5056 ‘princeps

201 5099 235 5134 ex
255 5085 344 5134 eodem
364 5079 489 5146 eorpore',
509 5100 567 5133 eum
586 5085 609 5134 ei
623 5086 667 5150 qui
679 5085 809 5150 praecedit
826 5084 886 5135 duci
903 5085 1024 5152 prinecps
1042 5085 1170 5137 tribuatur
1186 5075 1231 5135 'ex
1249 5084 1342 5135 officiis
1355 5084 1533 5149 magistrorum

200 5177 309 5227 militum
328 5166 545 5239 praesentalium'.
