3450 5828
472 521 1076 576 ossuavsuuoussemensurarent.
1369 502 1438 573 163

103 694 235 753 maxime
257 694 418 753 voluminis
441 695 505 767 III,
536 696 566 753 in
593 714 653 771 quo
682 696 841 772 privilegia
867 695 993 754 militum
1020 695 1146 754 collecta
1172 695 1365 767 exhibentur,
1388 697 1439 753 ad-

102 793 211 854 iunctis
236 807 345 873 postca
370 797 496 873 repertis
523 797 553 856 in
580 797 779 873 Ephemeride
805 797 862 855 huc
888 797 991 869 editis,
1017 796 1088 855 item
1114 796 1228 856 indices
1254 797 1438 855 voluminum

104 895 289 972 reliquorum
314 898 373 955 hnc
399 897 610 974 pertiuentium
637 899 736 957 adhuc
760 898 906 957 editorum
929 898 969 957 11.
986 896 1023 955 V.
1041 897 1111 955 VII.
1127 898 1212 956 VIII.
1228 899 1283 957 IX.
1300 899 1346 970 X,
1375 900 1439 975 ple·

103 1014 231 1073 musque
252 1016 313 1056 non
335 1007 472 1076 repetens
495 1019 636 1060 numeros
658 1000 826 1072 titulorum,
856 999 907 1058 sed
931 1001 961 1057 in
982 999 1048 1058 sola
1069 999 1230 1058 voluminis
1253 1001 1440 1076 adlegatioue

103 1099 281 1159 subsistens.
328 1100 496 1177 Adsumpsi
524 1120 602 1179 quae
627 1104 791 1180 scriptores
811 1110 990 1172 memorant,
1020 1110 1053 1159 ut
1075 1100 1201 1160 Tacitus
1228 1109 1257 1159 et
1277 1103 1438 1173 Arrianus,

102 1210 251 1276 qnatenus
273 1202 345 1261 mihi
367 1202 526 1261 constabat
546 1204 669 1281 propria
689 1204 836 1263 vocabula
856 1204 937 1279 apud
959 1220 1011 1262 eos
1033 1203 1149 1263 referri.
1197 1201 1314 1261 Notitia
1342 1205 1438 1282 digni·

102 1310 200 1363 tatum
222 1304 287 1362 aeti
310 1303 517 1363 Theodosisni
540 1323 607 1363 cum
629 1305 738 1364 multas
761 1306 826 1363 alas
848 1305 1046 1379 cohortesque
1068 1304 1215 1374 nominet,
1236 1304 1324 1381 longe
1344 1305 1437 1379 pluri·

103 1421 306 1476 mascarum,
329 1405 443 1464 scilicet
464 1423 539 1482 quas
562 1414 614 1463 sut
635 1415 747 1465 certum
769 1414 821 1464 aut
843 1405 1004 1464 verisimile
1023 1415 1104 1464 esset
1117 1404 1271 1464 institutas
1288 1424 1353 1464 esse
1368 1417 1439 1482 post

104 1503 338 1577 Diocletianum,
359 1507 399 1564 ab
421 1507 468 1564 his
490 1506 644 1566 laterculis
667 1507 770 1585 procul
791 1507 891 1578 habui,
916 1506 1088 1566 vetustioris
1110 1507 1235 1585 originis
1257 1524 1335 1583 quae
1357 1508 1437 1566 vide·

101 1614 215 1678 rentur,
237 1608 346 1683 recepi.
383 1607 525 1666 Eminent
545 1609 622 1667 inter
643 1610 698 1667 has
721 1627 797 1684 quae
815 1618 1008 1667 recensentur
1022 1609 1053 1666 iu
1068 1607 1226 1666 Britannia
1241 1607 1327 1683 (Occ.
1343 1628 1368 1666 c.
1381 1609 1436 1684 40)

100 1726 156 1784 per
175 1707 283 1767 lincunt
301 1708 392 1779 ealli,·
423 1728 491 1767 nam
512 1728 579 1768 cum
603 1711 664 1769 sint
684 1728 806 1769 numero
832 1717 894 1768 tres
920 1717 950 1768 et
976 1709 1080 1785 viginti
1107 1728 1224 1780 omnes,
1253 1688 1436 1785 undeviginti

100 1809 290 1869 adscendunt
310 1810 348 1868 ad
370 1810 520 1870 saeculnm
545 1811 753 1887 secundum1),
775 1822 806 1869 ut
828 1831 893 1870 cum
916 1819 1071 1888 praeterea
1092 1831 1146 1888 per
1168 1819 1261 1870 toturn
1279 1811 1435 1887 imperium

100 1920 203 1971 cestre
224 1931 281 1988 per
300 1913 420 1972 tertium
442 1921 641 1990 quartumque
662 1912 812 1972 sacculum
835 1913 962 1971 subinde
983 1923 1097 1971 mutata
1118 1923 1264 1989 auctaque
1284 1914 1435 1989 reperian-

99 2022 165 2085 tur,
198 2013 239 2071 ed
265 2014 376 2073 vellum
402 2013 476 2072 illud
504 2015 627 2072 immota
651 2014 713 2074 iere
739 2014 875 2073 steterint
901 2031 1023 2072 necesse
1050 2015 1098 2073 sit.
1153 2014 1281 2090 Propter
1313 2015 1435 2074 eundern

98 2133 223 2174 cansam
244 2134 305 2174 non
326 2115 424 2191 magis
446 2116 555 2174 admisi
577 2134 729 2187 numeros,
753 2126 785 2174 ut
811 2124 881 2173 sunt
906 2116 1081 2186 Brittomaro,
1103 2116 1312 2187 Dalmatarum,
1338 2118 1436 2176 Trece-

99 2236 211 2290 uorrun,
239 2216 355 2276 similes
376 2217 445 2288 alii;
471 2237 540 2276 nam
563 2228 633 2277 ante
655 2218 746 2276 Marci
769 2226 903 2293 tempora
925 2218 978 2276 vix
1000 2217 1099 2275 locum
1121 2217 1151 2276 in
1175 2218 1281 2277 militia
1299 2218 1437 2277 Romana

100 2319 269 2377 habuerunt
290 2318 453 2394 (invenitur
473 2339 502 2377 a.
517 2321 594 2379 Brit.
618 2330 644 2378 et
659 2319 796 2395 captarat.
811 2318 982 2395 It'erraaninp.
1006 2319 1034 2375 in
1058 2320 1145 2377 titulo
1168 2320 1238 2377 anni
1256 2319 1313 2378 178
1330 2320 1435 2377 Bram-

99 2420 198 2479 bschii
219 2440 248 2479 n.
267 2420 360 2492 1751,
382 2440 514 2480 numeras
536 2422 747 2498 ecplorateram
760 2421 941 2479 Batavorum
963 2420 993 2477 in
1016 2421 1110 2478 altero
1131 2421 1238 2479 aetatis
1255 2419 1435 2481 Seuerianae

98 2521 182 2597 apud
202 2521 330 2581 eundem
351 2541 381 2580 n.
398 2523 432 2594 7;
460 2542 489 2583 a.
513 2523 721 2583 Cattarcast'nm
743 2524 773 2581 in
795 2523 884 2580 tertio
906 2542 932 2579 a.
950 2520 1009 2580 225
1032 2523 1112 2598 apud
1134 2522 1259 2580 eundem
1283 2542 1311 2580 n.
1331 2523 1434 2600 1317),

99 2632 130 2681 et
150 2622 341 2698 expendendi
363 2632 434 2683 suut
455 2643 515 2683 una
534 2626 692 2695 institutis,
714 2643 788 2701 quae
811 2624 935 2682 militiae
957 2623 1197 2682 reformationem
1214 2623 1434 2684 Diocletianum

97 2724 320 2800 quodammodo
341 2725 531 2785 incubabant.
562 2758 601 2769 -
628 2727 707 2785 Alae
729 2736 759 2784 et
779 2726 917 2783 cohortes
940 2743 1005 2782 cum
1029 2735 1146 2802 praeter
1168 2744 1322 2785 numerum
1346 2746 1434 2786 voca·

97 2825 178 2885 bulis
199 2826 338 2903 pluribus
360 2828 507 2887 nominari
529 2828 657 2899 soleant,
680 2828 850 2902 frequenter
870 2835 968 2885 antem
991 2844 1048 2883 non
1070 2827 1209 2885 omnibus
1225 2836 1354 2900 utantur,
1378 2847 1433 2887 nos

98 2945 158 2987 non
179 2928 211 2985 in
231 2944 268 2986 co
289 2927 529 3001 elcbonvirnus,
556 2940 589 2988 ut
610 2931 667 2989 hae
689 2929 878 2987 diversitates
900 2928 988 3003 plene
1009 2938 1233 2987 recenserentur
1260 2937 1290 2988 et
1315 2930 1434 2989 curiose

96 3028 365 3106 distinguerentur,
391 3031 444 3090 scd
465 3031 592 3090 iormam
619 3031 748 3090 mammo
774 3031 894 3107 plenam
920 3030 1111 3106 potissimum
1135 3033 1434 3108 repraesentavimus,

97 3129 283 3189 breviatione
303 3130 435 3190 iudicata
456 3132 631 3209 plerumque
654 3133 762 3191 additis
785 3132 871 3191 uncis
893 3132 1039 3189 rotundis.
1083 3129 1241 3190 Omittitur
1263 3144 1360 3193 autem
1383 3144 1434 3193 aut

95 3232 248 3291 ethnicum
276 3232 403 3293 alterum
437 3233 484 3309 (nt
509 3235 640 3311 Hispani
667 3235 788 3293 Astures
820 3233 995 3311 plerumque
1026 3233 1165 3291 dicuntur
1192 3232 1314 3293 Astures
1345 3236 1433 3307 nude,

96 3334 220 3393 saara
241 3342 269 3393 ct
292 3332 424 3393 Callaeci
444 3337 534 3394 modo
555 3336 626 3407 hoc,
656 3337 744 3395 modo
765 3336 818 3394 illo
841 3333 985 3393 vocabulo
1014 3335 1080 3393 solo
1110 3335 1261 3410 utuntur),
1290 3346 1354 3408 aut,
1383 3338 1433 3395 ubi

94 3453 207 3495 nomeu
229 3436 402 3511 primarium
424 3435 539 3515 duplex
561 3447 608 3497 est
629 3439 778 3498 ethnicum
801 3447 831 3496 et
851 3437 1019 3512 personale,
1042 3436 1169 3495 alterum
1192 3444 1289 3495 utrum
1314 3439 1360 3513 (ut
1381 3440 1433 3496 ala

94 3536 280 3613 Tungrorum
291 3538 491 3597 Montaniana
505 3539 681 3616 plerumque
695 3541 753 3598 hoc
768 3539 833 3597 solo
849 3538 992 3596 vocabulo
1008 3537 1192 3614 appellatur)
1205 3551 1257 3596 aut
1268 3557 1432 3616 cognomen

94 3639 289 3699 honorarium
321 3639 369 3715 (nt
396 3650 468 3700 suut
495 3641 614 3700 ethnica
641 3642 786 3700 adiective
814 3640 942 3699 formata
968 3639 1171 3711 Macedonica,
1199 3641 1328 3712 Dacica,
1360 3642 1431 3700 item

93 3741 245 3817 torquata)
266 3750 319 3799 aut
340 3743 421 3819 quod
443 3743 602 3801 militarem
623 3743 748 3802 sormam
770 3742 904 3801 enuntiat
925 3740 974 3815 (ut
988 3749 1058 3800 sunt
1072 3743 1210 3813 miliaria,
1233 3746 1431 3818 qairtqenaria,

94 3847 236 3919 spiritam,
254 3843 402 3920 peditata)
427 3843 477 3903 vel
502 3844 628 3903 militurn
656 3843 860 3902 condicionem
887 3842 1005 3900 civilem
1036 3843 1083 3918 (ut
1109 3848 1210 3903 aicium
1230 3844 1432 3914 Romanorum,

91 3944 228 4003 sortasse
252 3944 343 4003 etiarn
371 3948 474 4004 eiciam
494 3944 698 4022 Latino-ram);
721 3945 848 4020 denique
874 3945 931 4020 ipsi
954 3945 1084 4016 numeri,
1113 3945 1242 4004 maxime
1269 3945 1299 4003 in
1326 3946 1430 4022 primis

91 4046 155 4105 alis
180 4044 415 4122 cohortibusque
440 4047 479 4105 iis
505 4064 582 4123 qnae
609 4047 770 4107 secundam
797 4045 909 4104 nullam
936 4046 1060 4117 habent,
1093 4047 1145 4104 sed
1173 4046 1260 4104 etiam
1292 4047 1322 4105 in
1351 4048 1430 4119 aliis,

92 4164 156 4207 non
187 4164 259 4207 raro
291 4147 456 4208 breviando
489 4155 725 4225 praetereuntur.
778 4147 934 4207 Vocabula
966 4147 1159 4223 imperatoria
1194 4148 1224 4204 in
1257 4158 1430 4224 perpetuum

93 4248 269 4327 cdsnmpts,
296 4249 508 4327 respondentia
529 4251 644 4309 scilicet
665 4250 771 4309 Flavio
797 4249 950 4325 legionum
972 4248 1017 4306 IV
1039 4256 1069 4306 et
1089 4248 1181 4319 XVI,
1207 4248 1339 4306 Traiano
1366 4251 1430 4309 sire

93 4348 188 4425 Ulpio
216 4350 368 4426 legionum
389 4351 423 4410 II
450 4361 481 4410 et
502 4351 616 4424 XXX,
644 4352 745 4409 omnia
766 4350 850 4427 posui
872 4350 920 4408 vel
943 4357 1022 4407 certe
1044 4369 1156 4427 ponere
1178 4350 1272 4420 volui,
1299 4369 1364 4408 curn
1392 4351 1430 4409 ad

90 4451 311 4512 institutionem
335 4452 520 4531 singulorum
542 4453 721 4513 auxiliorum
744 4453 927 4530 pertineant3
950 4451 1045 4509 abieci
1068 4459 1166 4509 autem
1189 4470 1265 4527 quae
1287 4453 1432 4528 gerebant

92 4554 183 4613 tertio
209 4553 332 4613 meculo
354 4554 510 4633 desumpta
531 4574 551 4614 a
570 4556 705 4634 principe
733 4556 822 4614 modo
849 4563 1005 4630 regnante,
1032 4554 1102 4612 item
1129 4571 1205 4630 quae
1228 4560 1290 4612 tum
1313 4555 1430 4614 obtine·
1471 4563 1476 4570 '

153 4803 177 4867 ¹)
197 4803 328 4865 Quattuor
345 4803 504 4870 reliquorum
523 4818 696 4864 numerorum,
716 4803 759 4869 qui
779 4810 838 4853 sunt
856 4800 945 4852 cohors
959 4802 1046 4868 prima
1063 4799 1242 4851 Cornoeiorum
1262 4828 1295 4838 -
1315 4818 1429 4854 nummus

96 4893 246 4947 Maurorum
265 4895 463 4946 Aurelianorum
486 4924 520 4934 -
546 4912 637 4947 canem
655 4892 829 4945 Smmatnrum
853 4922 886 4932 -
912 4893 957 4943 ala
973 4894 1058 4960 prima
1074 4890 1190 4943 Hercula
1209 4892 1279 4955 (sic),
1304 4911 1360 4944 cum
1380 4904 1431 4946 tres

96 4996 183 5053 aperte
200 4989 289 5054 quarti
309 4989 403 5038 mccli
423 4997 512 5039 uotam
530 4987 655 5049 habeant,
680 4988 712 5036 de
732 4986 868 5037 Cornoviis
888 4986 999 5035 dubitari
1018 4992 1114 5050 potcst3
1138 4993 1165 5034 at
1183 4986 1204 5033 si
1229 4992 1300 5047 sunt,
1325 4995 1352 5036 ut
1377 5002 1432 5037 csse

95 5080 249 5143 medentur,
268 5080 394 5131 (lornarii
413 5080 556 5131 Ptolemaei
574 5081 685 5145 populus
704 5078 851 5139 Britannus,
872 5077 964 5127 cohors
980 5078 1130 5142 posterioris
1142 5077 1249 5140 originis
1263 5086 1288 5127 et
1301 5079 1358 5141 ipsa
1377 5088 1429 5141 est3

94 5185 153 5221 nam
171 5172 341 5223 Britannicus
362 5172 469 5221 dilectus
489 5173 595 5222 meliore
614 5178 698 5222 aetate
717 5186 769 5220 non
789 5186 834 5234 pcr
854 5170 962 5234 populos
982 5169 1063 5219 lactus
1084 5177 1129 5220 cst.

1164 5275 1220 5334 11⁴*
