3472 5826
327 2117 585 2230 miurus
619 2117 1046 2230 renuncietur
1082 2119 1163 2229 ur
1188 2116 1603 2232 vuuluorlur
1708 2158 1711 2163 ·

659 2309 934 2423 oeternis
966 2309 1271 2424 illelom.

343 2791 386 2852 Ut
406 2795 537 2853 omnium
560 2794 687 2852 militum
708 2795 823 2870 patriae
845 2796 932 2870 quasi
954 2796 985 2854 iu
1008 2813 1097 2854 unum
1119 2811 1229 2872 eorpus
1251 2802 1459 2872 congerantur,
1481 2793 1538 2852 hos
1554 2811 1629 2870 qno·

301 2913 360 2972 que
380 2896 542 2955 laterculos
565 2897 768 2967 adiunximus,
795 2897 903 2972 quibus
926 2899 977 2973 qui
999 2897 1119 2955 natione
1140 2897 1237 2956 Italici
1264 2905 1317 2955 aut
1341 2897 1372 2954 in
1399 2896 1550 2970 praetorio
1576 2903 1629 2954 aut

300 2998 333 3056 in
355 2998 525 3056 cohortibus
547 2998 669 3056 urbanis
691 3006 742 3056 aut
763 2998 839 3057 inter
861 2998 967 3075 vigiles
990 2999 1200 3071 militaverunt,
1221 2997 1456 3072 continentur1).

344 3098 465 3174 Oppida
479 3098 586 3158 Italiae
604 3101 808 3159 recensuimus
824 3099 928 3159 ordine
943 3100 1141 3177 alphabetico,
1162 3100 1347 3176 praescripto
1363 3099 1489 3176 singulis
1504 3115 1627 3157 numero

301 3200 428 3259 militum
443 3201 574 3259 cuiusvis
589 3202 706 3277 generis
721 3201 789 3259 inde
804 3200 1008 3272 oriundorum,
1029 3201 1145 3259 atinde
1160 3202 1346 3277 aliquatenus
1360 3210 1513 3276 appareat,
1536 3218 1628 3277 quae·

302 3321 370 3361 nam
394 3302 576 3380 singulorum
599 3301 777 3381 oppidorum
798 3302 887 3360 fuerit
908 3303 1017 3361 civium
1031 3302 1207 3379 frequentia.
1244 3303 1279 3361 ln
1294 3302 1419 3380 singulis
1434 3302 1552 3378 oppidis
1567 3301 1628 3377 pri·

302 3423 383 3461 mum
404 3404 500 3461 locum
515 3404 650 3462 obtinent
664 3405 854 3479 praetoriani,
878 3404 1036 3463 secundum
1051 3404 1245 3474 urbaniciani,
1268 3405 1386 3462 tertium
1401 3403 1517 3481 vigiles,
1540 3421 1627 3479 quar-

303 3515 364 3563 tum
384 3505 511 3577 evocati,
534 3506 584 3580 qui
600 3524 778 3582 quamquam
802 3506 890 3582 longe
911 3507 1043 3564 maxima
1064 3524 1102 3563 ex
1124 3517 1209 3581 parte
1231 3524 1269 3564 ex
1291 3506 1488 3582 praetorianis
1503 3505 1629 3580 profecti

303 3615 381 3677 sunt,
403 3616 530 3683 possunt
550 3607 622 3665 item
644 3616 731 3666 antea
753 3591 927 3667 militavisse
948 3609 978 3666 in
999 3610 1120 3665 cohorte
1141 3609 1264 3667 urbana.
1301 3605 1395 3666 Uncis
1410 3607 1564 3683 quadratis
1583 3607 1629 3666 in-

301 3708 443 3767 clusimus
465 3708 580 3779 titulos,
602 3709 652 3767 ubi
673 3710 756 3788 origo
779 3728 838 3766 non
861 3709 1030 3768 enuntiatur
1051 3709 1104 3768 sed
1124 3716 1177 3767 aut
1197 3727 1235 3767 ex
1257 3709 1336 3767 tribu
1355 3717 1407 3766 aut
1422 3728 1460 3767 ex
1475 3709 1629 3785 parentela

302 3828 367 3869 cum
390 3809 491 3884 aliqua
510 3810 718 3886 probabilitate
739 3811 873 3869 officitur.
917 3810 1024 3882 Tituli,
1051 3811 1159 3886 quihus
1182 3812 1317 3886 corporis
1339 3812 1478 3869 volumen
1500 3828 1560 3868 non
1582 3818 1629 3869 est

301 3911 495 3987 adscriptum,
516 3912 593 3969 sexti
615 3920 686 3970 sunt
706 3913 896 3971 urbanorum.
933 3912 1086 3970 Accedunt
1107 3913 1219 3971 ineerta
1240 3912 1386 3987 quaedam
1409 3912 1529 3987 oppida,
1552 3929 1628 3986 quae

301 4022 400 4072 utrum
422 4013 453 4071 in
475 4013 565 4070 Italia
586 4013 698 4072 fuerint
719 4033 757 4072 an
777 4015 808 4073 in
830 4014 985 4090 provincia
1005 4014 1108 4089 aliqua
1128 4032 1188 4071 non
1209 4014 1312 4090 liquet.

343 4112 418 4173 Cum
446 4114 625 4190 praetoriani
648 4115 771 4192 originis
794 4114 916 4173 Italicae
943 4123 1041 4173 aetate
1063 4114 1225 4175 Severiana
1247 4133 1350 4173 omnes
1376 4115 1438 4174 fere
1461 4115 1627 4174 anteriores

302 4217 373 4288 sint,
395 4217 500 4293 paucis
522 4225 653 4290 tantum,
677 4219 727 4293 qui
748 4224 818 4276 sunt
839 4216 953 4274 saeculi
974 4216 1064 4288 tertii,
1086 4218 1229 4294 temporis
1252 4224 1353 4274 notam
1376 4215 1547 4275 adiecimus.
1589 4216 1627 4274 In

302 4318 473 4377 cohortibus
500 4319 622 4377 urbanis
650 4337 714 4376 cum
741 4328 810 4393 post
831 4315 974 4377 Severum
1000 4335 1120 4394 quoque
1140 4316 1239 4377 Italici
1264 4317 1431 4389 militarint‚
1461 4317 1497 4377 de
1524 4337 1626 4376 eorum

301 4426 398 4478 aetate
420 4439 458 4477 cx
480 4419 527 4479 his
550 4419 701 4478 laterculis
722 4419 848 4477 iudicari
870 4438 930 4477 non
954 4427 1060 4494 potest·

344 4517 487 4597 Singulae
499 4520 605 4579 ltaliae
627 4528 726 4596 partes
740 4520 892 4595 praetorio
915 4530 944 4579 et
964 4521 1136 4580 cohortibus
1159 4520 1282 4579 urbanis
1300 4532 1412 4596 quanto
1426 4520 1487 4578 iere
1502 4539 1626 4579 numero

302 4624 415 4682 tirones
437 4622 704 4692 subministrarint,
727 4622 856 4679 ostendit
878 4622 1037 4681 laterculus
1059 4622 1137 4680 inira
1159 4623 1303 4699 scriptus,
1330 4623 1361 4680 in
1383 4641 1442 4698 quo
1466 4623 1626 4681 secundum

301 4725 440 4800 regiones
463 4722 568 4782 Italiae
590 4722 698 4782 milites
720 4722 926 4800 discripsimus
948 4724 1120 4783 condicione
1143 4742 1244 4783 eorum
1267 4724 1417 4784 distincta

302 4916 505 4927 .-.--—-

362 5062 385 5125 ¹)
406 5061 439 5125 [ll
458 5079 486 5114 re
506 5077 561 5113 esse
580 5063 662 5113 visum
682 5069 721 5112 est
738 5063 904 5127 legioniarios
922 5063 1017 5114 milites
1036 5064 1142 5128 originis
1161 5064 1268 5114 Italicae
1288 5064 1321 5112 ad
1336 5063 1412 5113 huius
1424 5063 1517 5113 indicis
1531 5065 1626 5127 patrias

302 5156 339 5207 ita
357 5155 461 5219 addere,
481 5161 509 5206 ut
527 5154 627 5206 adiecta
646 5154 747 5220 legione
767 5160 792 5203 et
810 5156 905 5221 pagina
923 5156 956 5208 ad
975 5155 1072 5206 indices
1093 5157 1137 5222 qui
1156 5155 1313 5222 praecedunt
1328 5154 1479 5206 remittatur.
1512 5155 1564 5207 Tu.
1577 5154 1627 5220 lh]
