3450 5828
193 490 266 560 000
627 508 902 558 nnnrrnmenra
931 506 1015 558 von.
1035 507 1079 557 nt
1372 508 1536 557 1420·1422

191 732 282 794 ¹420
310 733 372 791 alta
393 753 431 792 rn.
448 734 530 806 0,35.
573 733 643 792 Deli
666 754 728 810 rep.
752 735 781 792 in
804 735 870 792 loro
892 733 929 791 ad
952 733 1144 834 occidentem.

676 899 808 1062 maculam
825 959 831 973 ·
848 943 1007 986 ronrrcvnr
1023 885 1040 1025 l

192 1120 323 1181 Reinach
348 1122 430 1181 misit
452 1122 631 1197 descriptam
654 1122 803 1198 ediditque
825 1122 892 1182 lull.
917 1125 952 1180 dc
974 1141 1047 1180 corr.
1071 1120 1137 1180 tell.
1162 1121 1180 1179 8
1203 1141 1232 1197 p.
1248 1121 1316 1179 185.

192 1620 277 1682 1421
302 1623 469 1699 fragmenta
490 1622 578 1700 plura
599 1622 655 1680 litt.
680 1622 750 1680 altis
772 1643 796 1680 c.
814 1623 848 1679 17
873 1642 935 1698 rep.
951 1621 1021 1679 Deli
1045 1622 1074 1678 in
1096 1619 1261 1697 porticibus
1278 1617 1536 1680 Hermaistsrum.

298 1784 353 1919 tol
406 1785 483 1909 tvl
533 1777 567 1901 a
615 1787 661 1934 n
712 1774 773 1927 rt
823 1785 874 1920 lt
921 1775 958 1927 a
1014 1784 1056 1924 lt
1110 1777 1138 1915 l
1186 1780 1250 1934 tn
1296 1769 1342 1911 tot
1392 1778 1434 1924 tr

194 2008 335 2068 Homolle
358 2010 427 2068 lull.
449 2010 483 2067 de
504 2028 578 2066 corr.
604 2010 667 2068 dell.
692 2011 709 2067 8
733 2009 843 2085 ρ.117.

195 2504 284 2564 ¹422
314 2506 383 2564 Deli
405 2507 442 2564 ad
466 2525 575 2584 ugerae
597 2509 677 2566 latus
701 2506 931 2584 septentrionale
954 2508 1083 2565 exedrae
1112 2507 1273 2583 applicitae
1300 2513 1387 2563 crant
1418 2504 1536 2563 formae

237 2609 410 2684 quadratae,
433 2610 542 2667 statuis
565 2610 767 2686 proponendis
791 2610 956 2668 destinatae
979 2616 1007 2666 et
1029 2609 1224 2685 pulcherrime
1247 2618 1381 2665 ornatae.
1420 2606 1461 2666 In
1477 2623 1536 2666 uns

237 2730 338 2769 earum
365 2722 483 2785 reperta
509 2720 555 2769 est
582 2720 680 2770 statua
707 2712 807 2788 operis
834 2712 946 2789 egregii
978 2721 1206 2788 repraesentans
1236 2709 1330 2767 virum
1357 2708 1479 2767 nudum
1505 2709 1534 2767 in

237 2831 334 2889 genua
361 2815 600 2888 procumbentem
610 2835 618 2885 ;
652 2824 741 2890 caput
762 2813 878 2883 deficit,
911 2813 995 2871 iuxta
1022 2814 1118 2871 virum
1145 2813 1275 2870 cernitur
1302 2811 1390 2887 galea
1418 2811 1534 2871 formae

238 2933 313 2991 quae
341 2914 447 2973 dicitur
477 2915 646 2974 Boeoticae.
697 2915 826 2973 Brachia
853 2934 932 2991 quae
958 2916 1065 2974 desunt
1093 2923 1251 2972 tenuerunt
1280 2913 1436 2972 sinistrum
1470 2914 1532 2971 sine

238 3016 328 3075 dubio
355 3016 504 3093 clupeum,
539 3018 676 3076 dextrum
704 3018 830 3076 fortasse
857 3018 996 3095 gladium.
1051 3016 1167 3075 Pictam
1195 3025 1323 3074 statuam
1351 3013 1437 3072 dedit
1464 3013 1532 3072 Rei·

237 3119 362 3177 nachius
384 3120 402 3176 l.
424 3121 503 3178 inira
524 3121 614 3177 citato
637 3141 664 3197 p.
681 3121 748 3178 173.
791 3119 891 3194 Prope
913 3138 978 3177 eam
1003 3125 1133 3177 statuam
1156 3128 1273 3193 reperta
1298 3127 1344 3176 est
1372 3116 1400 3173 ei
1428 3124 1532 3192 aptata

237 3221 320 3280 basis
347 3221 438 3299 longa
464 3243 501 3280 m.
523 3220 605 3294 135,
637 3222 698 3280 lata
726 3222 867 3294 m.0,80‚
901 3221 961 3278 alta
995 3241 1034 3279 rn.
1055 3220 1141 3292 033,
1176 3220 1282 3278 litteris
1308 3217 1427 3276 Latinis
1462 3218 1531 3277 altis

237 3306 310 3381 mill.
329 3322 382 3394 253
409 3324 489 3381 lecta
509 3323 566 3380 fuit
587 3343 625 3382 ex
648 3324 800 3400 lapidibus
822 3325 917 3381 tribus
939 3323 1116 3392 coniunctis,
1137 3341 1262 3398 quorum
1285 3321 1400 3396 primus
1422 3320 1531 3390 deficit,

237 3426 354 3483 medius
376 3426 518 3501 angulum
541 3426 577 3482 ad
601 3427 656 3484 sin.
680 3427 771 3484 habet
796 3426 929 3502 paullum
957 3426 1126 3493 effractum,
1153 3424 1258 3482 tertius
1286 3423 1402 3498 integer
1427 3430 1477 3481 est
1503 3431 1531 3480 et

238 3526 323 3585 adest
342 3547 455 3604 merge,
478 3548 543 3586 cum
566 3539 635 3604 post
657 3544 750 3585 evene
772 3528 901 3604 spatium
925 3537 1011 3585 vacet
1031 3526 1171 3585 elementi
1194 3525 1283 3584 unius
1305 3533 1335 3583 et
1357 3524 1486 3583 dimidii.

278 3753 478 3767 .............
529 3728 576 3768 vn
598 3741 604 3753 ·
630 3726 899 3768 anaxanontem
950 3741 957 3753 ·
1017 3727 1024 3765 ι
1045 3726 1095 3766 ro
1115 3727 1129 3767 t
1149 3726 1156 3764 ι
1176 3724 1195 3766 c
1216 3725 1231 3766 ε
1251 3704 1287 3765 ι’·
1301 3723 1491 3778 oneravere

493 3708 822 3889 rds·eanertc10,ve·
892 3827 1058 3894 anco·

898 3928 1023 3972 eniatus
1045 3923 1239 3974 mnnoetnor

422 3830 481 3869 uirtu

902 4026 1066 4077 ΕΦΕΣΙΟΣ
1109 4031 1215 4074 ΕΠΟῙΕΙ

196 4220 333 4278 Reinach
355 4219 436 4278 misit
457 4226 486 4276 et
509 4220 685 4295 descriptam
709 4227 738 4275 et
759 4219 861 4277 charta
888 4236 1077 4295 expressam
1104 4216 1196 4275 edidit
1217 4216 1285 4274 butt.
1310 4216 1345 4274 de
1366 4234 1443 4276 corr.
1468 4216 1530 4275 tell.

199 4321 217 4379 8
240 4341 267 4379 a.
283 4321 361 4379 1884
383 4342 413 4398 p.
429 4321 485 4379 178
509 4321 559 4396 (cl.
583 4321 690 4378 ibidem
715 4341 743 4396 p.
760 4320 841 4394 109).

240 4421 360 4481 Tabula
381 4441 547 4482 marmorea
568 4422 630 4481 lata
654 4422 789 4495 nr.l‚02,
818 4423 878 4479 alta
900 4442 938 4480 m.
955 4422 1041 4492 036,
1068 4439 1170 4479 crassa
1191 4441 1229 4478 m.
1246 4421 1354 4493 0365,
1383 4439 1447 4498 rep.
1463 4419 1532 4479 Deli

198 4524 237 4582 ad
258 4542 368 4600 agorae
390 4525 469 4582 latus
492 4525 725 4602 septentrionale
753 4526 826 4581 dans
848 4544 901 4581 une
922 4527 1007 4598 petite
1028 4523 1100 4580 salle
1125 4523 1337 4600 rectorquluire
1361 4526 1415 4598 qui
1441 4524 1532 4581 decuit

198 4627 257 4686 &tre
278 4626 392 4684 decores
413 4626 484 4684 d’ao
507 4628 580 4686 barre
601 4629 635 4684 de
656 4627 767 4684 rnorbre
789 4637 814 4684 et
836 4628 869 4683 de
891 4636 997 4684 statues
1019 4625 1184 4683 Homolen.
1233 4624 1352 4682 Prodiit
1380 4624 1475 4700 igitur
1500 4642 1532 4682 eo

197 4728 265 4805 ipso
286 4728 353 4786 loco
378 4729 455 4786 unde
478 4748 570 4805 supra
593 4731 690 4805 posita
711 4730 795 4787 basis
818 4729 948 4787 emersit.

632 4932 680 4971 ΗΝ
710 4929 748 4971 01
777 4929 818 4969 ΕΝ
849 4927 1115 4970 ΑΛΕΞΑΝΔΡΕΙΑΙ

600 4929 646 5082 iifl
669 5031 804 5072 ΑΡΕΤΗΣ
829 5031 883 5072 ΚΑΙ
907 5030 1117 5072 everrentes*

199 5197 340 5256 Homolle
362 5197 431 5255 batt.
455 5198 489 5254 tle
510 5215 582 5254 eurr.
606 5198 671 5255 lert.
695 5198 713 5254 8
736 5217 765 5272 p.
781 5197 848 5254 108.
