3450 5828
570 501 870 588 ossnsvnrrpnns
887 502 1173 553 umoneemcen.
1455 478 1527 549 207

192 668 254 729 m
277 672 448 746 Avonam,
469 675 610 753 Augusti.

404 775 509 848 Italic,
531 778 633 854 Aquae
655 776 805 837 Statiellae
818 810 858 821 -
870 778 992 836 Ricina:

469 876 506 936 L.
532 877 708 955 Calpmiut
729 876 768 936 L.
787 880 814 952 s.
839 878 905 936 Tro.
932 879 1005 935 dom.
1034 876 1127 952 Aquis
1150 875 1268 934 Statelie
1298 876 1377 932 miles
1401 874 1453 948 leq.
1477 873 1534 930 III

557 979 634 1055 Aaq.
678 977 714 1038 In
736 979 804 1038 vico
827 980 927 1037 Thala
949 977 1053 1053 (VIII,
1069 975 1153 1051 502).

230 1095 270 1135 ex
285 1094 358 1135 cas.
469 1079 501 1137 P.
522 1079 632 1139 Vettius
653 1081 688 1139 P.
708 1083 736 1155 s.
759 1079 862 1140 Velina
882 1081 942 1137 mil.
967 1079 1019 1153 lep.
1035 1077 1092 1135 Ill
1115 1078 1190 1154 Aug.
1207 1076 1378 1152 Ric(·i)u(a).
1415 1074 1527 1133 Ibidem

264 1178 322 1235 tris
557 1179 658 1254 (VIII,
674 1182 757 1256 508).
792 1181 902 1239 Errore
917 1179 1134 1237 Wilmannsius
1156 1180 1468 1254 interpretatorium
1492 1177 1529 1234 de

232 1276 353 1337 Africa·
558 1280 670 1340 Helvia
684 1281 806 1354 Rivina3
829 1282 935 1340 titulus
956 1285 1036 1340 enim
1058 1281 1211 1356 aliquanto
1234 1279 1382 1355 antiquior
1397 1285 1443 1335 est
1458 1277 1527 1336 Per-

234 1379 285 1435 nis
300 1397 354 1436 an·
558 1382 663 1440 tinace.

239 1478 352 1555 tiquio·
407 1480 579 1557 Aquitania,
602 1483 867 1558 Augustonemetum
879 1517 916 1526 -
929 1483 1114 1558 Burdigala:

251 1579 340 1637 ribus
469 1582 511 1641 M.
533 1584 629 1642 Iulias
652 1584 693 1641 M.
716 1587 744 1658 s.
769 1584 834 1654 Qui.
858 1585 931 1659 (non
949 1584 1030 1659 Ores.)
1059 1584 1210 1641 Maternae
1233 1580 1526 1656 Aup(uetc)n(emetc)

242 1678 339 1753 (The-
557 1685 614 1742 tnil.
639 1685 692 1759 lep.
715 1685 770 1742 III
791 1687 868 1760 Aaq.
911 1685 1062 1743 Theveste
1085 1682 1185 1759 (VIII,
1210 1682 1333 1756 10629).

257 1798 326 1839 ves·
467 1785 506 1841 D.
530 1784 615 1844 Setae
638 1786 676 1843 D.
698 1789 726 1861 s.
751 1784 834 1856 Qctr.
862 1787 976 1844 quenis
1005 1785 1175 1860 Burdigala
1201 1784 1260 1842 mil.
1291 1784 1344 1858 leq.
1367 1783 1424 1840 Ill
1449 1782 1525 1857 Aug.

244 1881 352 1958 tinisl)
557 1885 593 1944 In
616 1904 689 1962 agro
703 1886 887 1945 Thevestino
910 1887 1008 1963 (VIII,
1032 1886 1137 1962 2103).

402 1983 636 2062 Lupadanensis,
659 1988 807 2046 Astricam
831 1988 1005 2047 Carnutum.-

467 2086 502 2157 Q.
526 2088 621 2147 Iulias
645 2089 681 2158 Q.
701 2091 730 2161 s.
756 2090 838 2159 Quir.
861 2090 1003 2147 Dictatua
1026 2088 1173 2162 Autr(t'co)
1202 2087 1261 2144 mil.
1289 2088 1342 2163 leq.
1364 2087 1418 2142 Ill
1446 2085 1520 2159 Aop.

556 2189 705 2249 Theveste
728 2190 824 2265 (VIII,
851 2190 954 2264 1876).

464 2288 512 2345 Ex
540 2292 646 2349 castris
669 2290 909 2350 Lambaesitanis
935 2291 1081 2349 institutis
1108 2290 1271 2366 imperante
1295 2288 1450 2347 Hadriano
1478 2308 1524 2347 su-

554 2400 677 2468 persunt
691 2391 825 2450 laterculi
838 2392 964 2449 militum
981 2390 1116 2449 undecim
1131 2390 1201 2467 plus
1216 2390 1350 2448 minusve
1362 2391 1447 2448 fracti
1463 2409 1523 2448 om·

553 2510 617 2564 nes,
638 2511 741 2551 omnes
763 2494 828 2551 sina
850 2493 940 2551 dubio
956 2500 1164 2551 veteranorum
1187 2510 1247 2549 una
1263 2491 1403 2549 missione
1419 2493 1524 2549 misso·

553 2613 627 2666 rom,
656 2612 835 2670 quamquam
864 2596 952 2653 unius
978 2604 1091 2652 tantum
1116 2593 1216 2668 (nobis
1236 2592 1277 2666 A)
1305 2592 1452 2671 dedicatio
1475 2610 1523 2649 su-

551 2705 653 2770 perest
673 2697 742 2753 anni
768 2695 825 2753 166
853 2696 979 2770 (Poulle
1007 2695 1112 2753 recueil
1140 2695 1188 2751 dea
1213 2697 1318 2752 noticea
1340 2702 1368 2749 et
1387 2694 1465 2750 enlm.
1488 2695 1523 2750 cle

555 2795 583 2852 lu
600 2814 657 2855 soc.
673 2797 752 2856 crcl.
768 2798 802 2855 cle
817 2795 1002 2855 Constantine
1016 2797 1074 2854 vol.
1092 2794 1131 2854 22
1147 2813 1173 2852 a.
1189 2793 1266 2852 1882
1290 2811 1318 2867 p.
1336 2790 1396 2851 882
1418 2814 1447 2851 n.
1464 2792 1520 2850 126

551 2904 581 2954 at
596 2916 625 2973 p.
638 2897 698 2956 374
714 2918 742 2955 ιι.
758 2897 831 2969 123;
847 2916 901 2976 ego
915 2898 1056 2956 adhibere
1071 2897 1154 2973 potui
1169 2895 1349 2971 descriptum
1365 2894 1523 2970 diligenter

551 2997 677 3056 ahloh.
700 2996 856 3074 Schmidt).
900 2997 1043 3075 Legionis
1069 3016 1177 3056 nomen
1205 3007 1343 3072 superest
1368 3005 1522 3072 praeterea

550 3097 708 3172 votvm,
725 3098 820 3171 2586;
843 3119 902 3158 non
925 3108 1063 3174 superest
1083 3099 1113 3156 iu
1136 3117 1242 3156 novem
1265 3098 1343 3168 aliis,
1366 3114 1420 3155 sex
1435 3095 1522 3155 editis

552 3200 688 3259 vthIII
708 3221 737 3258 n.
752 3199 842 3259 2565.
856 3200 946 3259 2566.
961 3199 1052 3258 2567.
1069 3199 1159 3259 2568.
1177 3198 1267 3256 2569.
1285 3197 1364 3255 2618
1381 3197 1518 3274 septimo,

551 3299 650 3374 (nobis
666 3302 708 3377 Β)
736 3301 815 3360 edito
841 3303 878 3359 ab
905 3302 1008 3360 eodem
1031 3301 1148 3359 Poullio
1175 3301 1196 3359 l.
1212 3319 1237 3358 c.
1265 3318 1293 3374 p.
1315 3299 1374 3356 378
1403 3318 1431 3354 n.
1453 3295 1521 3367 125,

550 3403 635 3461 nobis
657 3412 755 3460 autem
777 3404 847 3459 item
866 3403 997 3460 exhibito
1013 3421 1031 3459 a
1047 3401 1221 3471 Schmidtio,
1244 3408 1349 3457 octavo
1364 3399 1461 3457 adhuc
1476 3400 1521 3456 in-

550 3503 629 3562 edito
651 3502 753 3577 (nobis
771 3501 809 3580 C)
832 3516 956 3582 excepto
972 3505 1009 3562 ab
1025 3503 1138 3574 eodem,
1161 3521 1241 3559 nono
1257 3500 1358 3577 (nobis
1372 3500 1417 3574 D)
1440 3500 1520 3559 edito

549 3622 568 3661 a
588 3604 708 3662 Poullio
731 3604 792 3663 hc.
820 3625 848 3682 p.
870 3606 929 3664 377
957 3626 985 3664 n.
1011 3602 1082 3674 124,
1114 3604 1200 3661 nobis
1226 3603 1296 3660 item
1324 3600 1475 3679 descripto
1503 3620 1521 3658 a

549 3703 729 3777 Schmidtio,
762 3706 814 3763 sed
842 3707 896 3763 hos
923 3725 1041 3781 qunque
1072 3712 1158 3762 extra
1183 3703 1306 3761 dubium
1338 3715 1384 3761 est
1416 3720 1520 3760 omnes

549 3808 696 3881 pertinere
712 3807 750 3865 ad
764 3807 920 3883 legionem.
957 3808 993 3865 ln
1015 3816 1097 3864 tanto
1114 3824 1236 3864 numero
1251 3804 1376 3862 militum
1393 3803 1519 3878 legionis

547 3907 710 3966 Africanae
737 3926 792 3966 uos
820 3907 986 3966 breviorem
1015 3909 1141 3965 formam
1170 3905 1367 3964 adhibuimus.
1418 3902 1518 3961 Locus

548 4009 598 4067 ubi
620 4028 680 4067 non
702 4009 891 4079 adscribitur,
915 4009 1099 4085 significatur
1120 4007 1305 4065 Lambaesis.

394 4109 498 4186 Africa
521 4120 549 4168 et
568 4109 728 4168 Numidia.-

456 4220 570 4269 csatrc:
595 4210 630 4280 Q.
651 4211 748 4268 Iuliae
762 4209 797 4281 Q.
814 4214 841 4287 s.
864 4211 929 4269 Pol.
954 4212 1128 4270 Fortunatas
1147 4229 1204 4268 coa.
1223 4208 1280 4265 mil.
1300 4209 1350 4282 lep.
1365 4206 1423 4263 III
1440 4207 1516 4280 Aup.

548 4310 636 4383 VIII,
663 4312 788 4371 3151-
821 4312 852 4372 0.
876 4312 970 4372 Steiua
995 4313 1025 4371 C.
1042 4314 1070 4386 s.
1087 4312 1150 4369 Pol.
1174 4310 1350 4368 Sabin-ianus
1373 4326 1431 4365 coa.
1454 4307 1514 4364 mil.

548 4412 600 4487 lep.
624 4413 678 4470 III
703 4412 779 4488 Asq.
802 4412 891 4483 VIII,
921 4413 1000 4472 3247
1036 4445 1074 4455 -
1109 4412 1152 4469 Μ.
1176 4411 1308 4469 Valerius
1335 4408 1379 4465 Μ.
1402 4407 1516 4483 s.P01.

540 4512 696 4572 ,Secundae
719 4532 793 4585 cca,
815 4518 869 4589 aig.
892 4514 944 4588 lep.
966 4514 1024 4570 III
1042 4515 1118 4588 Aup.
1148 4512 1236 4582 VIII,
1260 4511 1354 4580 2994;
1387 4511 1458 4566 item
1487 4510 1517 4566 in

547 4614 699 4673 latercuIIs
726 4615 878 4689 adscripta
898 4614 976 4672 trihu
997 4614 1098 4672 Pollia
1128 4634 1156 4673 n.
1184 4613 1275 4672 2565.
1303 4611 1383 4670 2618
1417 4609 1516 4684 (duo),

547 4733 605 4773 non
633 4715 784 4793 adscripta
808 4735 844 4773 ea
873 4736 900 4774 n.
925 4715 1004 4773 2565
1038 4714 1178 4789 (II-VI
1211 4733 1248 4772 ex
1270 4711 1401 4787 XVIII).
1435 4710 1516 4769 2566

546 4814 607 4891 (III
630 4835 668 4874 ex
691 4816 776 4891 VII).
800 4814 879 4875 2567
904 4815 1027 4890 (1111111
1049 4835 1088 4874 ex
1109 4814 1207 4890 LXI).
1232 4812 1312 4871 2568
1336 4811 1455 4888 (XLIII
1477 4830 1515 4868 ex

545 4914 736 4993 LXXXVI).
784 4917 864 4976 2569
895 4916 988 4991 (11111
1017 4935 1056 4974 ex
1080 4914 1223 4990 XLVII).
1274 4913 1354 4971 2586
1389 4911 1448 4986 (Vl
1476 4930 1515 4966 ex

546 5016 660 5091 XLV).
687 5017 767 5078 2618
790 5018 908 5092 (1ch
932 5018 1003 5094 XI).
1035 5018 1062 5074 Α
1086 5018 1130 5090 (X
1153 5037 1190 5074 ex
1214 5014 1377 5087 XXVIII).
1409 5011 1433 5069 B
1457 5010 1515 5084 (IV

519 5174 525 5184 .
546 5137 583 5176 ex
604 5116 797 5193 LXXVIII).
825 5117 850 5177 C
872 5119 981 5192 (XIIX
1004 5137 1042 5176 ex
1066 5117 1144 5194 LV).
1172 5117 1201 5175 D
1224 5116 1267 5192 (II
1289 5134 1328 5173 ex
1350 5111 1473 5185 XLVI).
