3450 5828
557 538 860 595 ousnnvarmnas
880 541 1169 594 setannrnrcns.
1458 525 1526 597 131

196 728 337 793 repertas
357 714 437 791 (vita
450 712 628 775 Numeriani
653 714 707 785 133
729 714 834 774 Victor
848 714 937 774 Caes.
954 715 1008 792 39)
1032 715 1078 773 rel
1101 715 1175 773 adeo
1197 715 1333 774 comitem
1357 717 1533 775 domestico·

196 836 266 877 rum
298 816 455 893 (Zonaras
480 815 529 887 12,
552 817 605 875 31:
639 804 723 873 ἄλλοι
749 808 781 871 δὲ
807 806 917 886 adama
946 810 1115 883 domescticus
1141 809 1227 873 αὖτέν
1254 807 1395 893 γενέσθαι
1428 809 1533 894 pari),

196 938 260 979 non
277 930 360 977 recte
378 917 448 976 inde
463 917 620 995 colligetur
633 935 670 976 eo
685 924 819 992 tempore
833 917 928 977 fuisse
942 917 1052 977 milites
1066 917 1217 994 palatinos
1233 917 1412 977 domesticos
1427 918 1532 990 dictos,

198 1039 268 1079 eum
288 1018 322 1077 id
343 1037 467 1091 nomen,
489 1027 523 1077 ut
543 1018 622 1078 inira
644 1019 775 1090 dicetur,
797 1027 905 1095 quarto
919 1017 1036 1077 demum
1059 1019 1177 1078 saeculo
1200 1020 1297 1078 medio
1319 1020 1454 1097 incipiat,
1481 1040 1534 1079 neo

199 1139 385 1199 magnopere
405 1119 531 1179 offendit
550 1129 752 1197 protectorum
767 1120 915 1178 vocabulo
936 1139 971 1178 eo
989 1129 1121 1197 tempore
1145 1122 1254 1179 usitato
1276 1140 1295 1177 a
1316 1121 1534 1196 posterioribus

198 1223 382 1282 substitutos
402 1238 471 1280 esse
493 1206 687 1293 domestIc0s3
711 1222 764 1279 sed
783 1222 839 1280 sub
853 1221 1085 1280 domesticorum
1102 1222 1247 1280 vocabulo
1263 1223 1402 1297 antiquos
1417 1231 1535 1297 praeto-

198 1325 304 1383 rianos
326 1324 420 1383 lstere
441 1341 604 1399 eorumque
624 1333 697 1399 puta
712 1323 862 1381 tribunatu
874 1322 1091 1381 Diocletianum
1107 1332 1167 1381 tum
1183 1322 1314 1381 sunctum
1331 1340 1408 1395 esse,
1430 1343 1534 1400 parurn

199 1425 363 1485 rerisinile
385 1432 441 1483 est.
472 1423 570 1481 Immo
591 1424 665 1482 haec
680 1441 716 1482 eo
730 1422 843 1482 ducunt
858 1432 926 1480 ante
941 1423 1163 1482 Diocletianum
1180 1442 1288 1498 corpus
1310 1425 1461 1499 quoddam
1483 1446 1535 1484 ex·

199 1527 301 1585 titisse
323 1545 343 1583 a
363 1524 562 1603 praetorianis
585 1523 737 1584 diversum
764 1525 918 1583 custodiae
945 1525 1133 1601 imperatoria
1159 1525 1337 1583 destinatum
1366 1533 1396 1584 et
1421 1527 1534 1583 habens

198 1628 306 1687 ducem
329 1644 426 1685 suum.
471 1623 652 1684 Constitutio
677 1626 858 1685 Diocletiani
881 1627 948 1684 anni
971 1626 1074 1684 incerti
1096 1623 1170 1684 cod.
1187 1626 1259 1683 lust.
1279 1627 1325 1697 10,
1341 1628 1391 1699 48,
1408 1626 1437 1697 2,
1459 1646 1535 1702 quac

202 1730 273 1788 sols
293 1729 373 1788 inter
394 1728 458 1786 eius
482 1726 566 1805 leges
589 1734 789 1802 protectorum
811 1727 959 1797 meminit,
988 1726 1201 1785 immunitatem
1224 1727 1404 1787 confirmans
1427 1728 1464 1785 iis
1486 1733 1537 1804 qai

199 1840 254 1889 cat
274 1848 311 1888 ea
328 1829 536 1907 prouctoridss
557 1838 623 1886 sunt
645 1838 696 1887 ant
717 1847 750 1886 ac
767 1832 953 1905 praepositis,
976 1846 1042 1885 cum
1065 1829 1201 1905 proxime
1216 1829 1339 1886 accedat
1357 1831 1395 1886 ad
1411 1830 1535 1904 inscrip-

201 1932 317 1990 tionem
343 1928 657 2006 Gratianopolitanam
687 1948 713 1986 a.
734 1930 794 1989 260
822 1929 864 2003 (ιι.
882 1929 931 2004 5),
960 1935 1060 2005 potest
1087 1930 1208 1987 omnino
1234 1929 1272 1986 ad
1301 1931 1441 2006 antiquos
1470 1949 1536 2008 pro·

202 2042 334 2091 tectores
356 2031 445 2103 trabi,
472 2030 605 2089 sednon
628 2030 725 2088 minus
747 2032 785 2088 ad
807 2049 900 2089 novos
923 2050 961 2088 ex
984 2030 1044 2087 illis
1066 2030 1109 2087 ita
1130 2038 1245 2101 enatos,
1273 2038 1304 2088 ut
1327 2032 1435 2088 multae
1458 2031 1537 2089 ordi·

202 2135 343 2193 nationes
368 2132 504 2206 utrisque
537 2132 648 2206 pariter
674 2132 860 2190 conveniant.
905 2130 1019 2189 Contra
1045 2131 1125 2207 quod
1158 2133 1188 2190 in
1222 2132 1297 2190 libro
1325 2132 1360 2190 de
1390 2133 1537 2191 mortibus

201 2241 430 2313 persecutorum
452 2232 494 2308 (c.
513 2232 549 2290 19
571 2232 608 2290 ci.
625 2251 649 2290 c.
665 2232 717 2307 18)
741 2233 851 2310 scripto
873 2253 900 2291 a.
918 2233 1011 2292 31314
1033 2232 1209 2291 Lactantius
1224 2242 1326 2291 narrat
1341 2234 1537 2291 Maximinum

202 2337 296 2413 vulgo
317 2335 434 2394 Darem
461 2332 501 2391 sb
523 2333 671 2391 avunculo
694 2331 821 2392 Galerio
849 2335 976 2409 primurn
1001 2335 1163 2392 scutarium
1190 2334 1299 2392 factum
1323 2353 1405 2405 ease,
1433 2335 1538 2393 deinde

202 2448 424 2515 protectorem,
449 2452 521 2494 mox
543 2435 707 2506 tribunum,
733 2435 860 2511 denique
883 2453 909 2492 a.
927 2434 987 2493 305
1009 2434 1228 2493 adulescentem
1251 2436 1404 2493 etiamtum
1427 2433 1540 2494 Caesa-

203 2558 287 2609 rem,
315 2538 354 2597 ad
375 2545 559 2615 protectores
581 2536 694 2595 saeculi
716 2536 794 2594 tertii
818 2554 923 2612 parurn
949 2553 981 2594 se
1003 2536 1223 2608 accommodat,
1250 2548 1330 2594 recte
1353 2537 1473 2595 omnino
1501 2537 1538 2594 ad

204 2640 346 2699 instituta
365 2638 547 2716 posteriora,
575 2638 634 2696 nisi
657 2636 737 2713 quod
758 2638 789 2696 in
811 2637 936 2695 transitu
959 2657 997 2694 ex
1019 2637 1124 2694 schola
1146 2638 1340 2696 scutariorum
1365 2638 1400 2694 ad
1424 2646 1538 2714 protec-

206 2750 291 2800 tores
313 2739 425 2815 aliquid
447 2738 562 2816 gratiae
584 2738 716 2797 dandum
738 2748 792 2797 est

252 2842 360 2916 ltaque
384 2848 446 2899 tam
472 2839 567 2898 titulis
594 2858 685 2919 quam
711 2839 908 2914 scriptoribus
935 2838 1060 2897 testibus
1087 2840 1125 2897 ab
1147 2840 1310 2897 Aureliano
1337 2839 1405 2896 inde
1431 2857 1540 2916 corpus

204 2944 267 3002 fnit
287 2950 488 3018 protectorum
511 2941 567 2998 sub
588 2940 664 2998 duce
687 2957 742 2997 suo
765 2939 918 2998 custodiae
940 2941 1129 3015 imperatoris
1150 2942 1340 3018 potissimum
1362 2941 1539 3000 destinatum

206 3055 238 3103 et
260 3043 394 3103 eminens
407 3060 500 3119 supra
520 3041 737 3116 praetorianos.
770 3040 805 3098 In
825 3040 942 3116 legibus
958 3048 1055 3099 tamen
1079 3042 1183 3098 horum
1207 3052 1405 3117 protectorum
1430 3044 1541 3100 mentio

205 3153 293 3203 aem
317 3142 401 3203 nulla
424 3143 574 3220 reperitur
594 3151 664 3200 ante
689 3159 798 3199 annum
822 3139 932 3216 325¹).
956 3174 993 3184 —
1017 3140 1257 3200 Domesticorum
1280 3143 1456 3201 vocabulum
1482 3163 1542 3201 non

206 3246 321 3306 offendi
342 3253 412 3303 ante
437 3240 702 3318 consentiunt),
729 3260 825 3318 neque
847 3242 984 3300 absimile
1017 3243 1078 3299 reri
1112 3253 1157 3300 est
1189 3253 1331 3319 utrosque
1363 3264 1420 3302 non
1454 3245 1544 3303 simul

206 3346 365 3405 institutos
395 3360 478 3416 esse,
510 3343 564 3403 sed
595 3343 816 3420 protectoribus
848 3344 1017 3400 reformatis
1051 3342 1180 3401 fortasse
1213 3345 1250 3401 ab
1277 3346 1442 3403 Aureliano
1475 3356 1545 3421 post

207 3446 409 3517 intervallum,
431 3463 491 3503 oon
513 3462 652 3522 magnum
675 3452 784 3515 tamen,
806 3443 985 3502 domesticos
1008 3443 1147 3501 adiectos.
1166 3478 1205 3487 -
1228 3445 1417 3503 Protectores
1440 3453 1470 3504 et
1491 3446 1544 3504 do-

210 3548 356 3609 mesticos
383 3564 453 3604 vere
477 3544 598 3603 differre
624 3554 654 3603 et
679 3556 740 3604 tam
769 3547 824 3602 bos
853 3563 941 3621 quarn
968 3544 1035 3602 illos
1062 3545 1237 3603 laterculum
1269 3549 1418 3622 proprium
1446 3554 1475 3604 et
1501 3549 1545 3605 sic

210 3652 313 3709 decem
336 3648 450 3725 primos
471 3664 543 3706 suos
565 3646 705 3705 babuisse
722 3646 877 3704 declarant
898 3646 979 3722 leges
995 3646 1071 3702 duas
1088 3645 1213 3704 Honorii
1237 3644 1271 3705 C.
1289 3647 1347 3705 Th.
1364 3649 1392 3720 0,
1410 3647 1458 3720 tt,
1480 3649 1507 3707 8.
1525 3649 1542 3707 9

210 3760 312 3829 aperte
333 3750 517 3808 coniunctae.
564 3746 717 3805 Differuut
736 3755 835 3806 autem
858 3748 887 3804 ni
911 3748 1000 3804 fallor
1026 3765 1062 3804 eo
1088 3749 1220 3818 nomine,
1253 3748 1333 3823 quod
1361 3757 1544 3824 protectores

211 3852 335 3931 proprie
355 3850 547 3929 appellantur
567 3849 617 3924 qui
641 3848 800 3924 stipendiis
821 3849 967 3918 emeritis,
998 3848 1152 3907 domestici
1175 3850 1294 3924 proprie
1316 3851 1367 3925 qui
1390 3850 1545 3907 nobilitate

212 3964 244 4013 et
263 3954 365 4031 gratis
387 3951 425 4009 ad
448 3970 515 4009 eum
536 3948 634 4007 locum
656 3950 842 4026 perveniunt,
865 3949 981 4024 quade
1003 3968 1035 4006 re
1057 3949 1137 4006 inira
1158 3949 1279 4008 dicetur.
1325 3951 1384 4009 Sed
1408 3950 1547 4008 differunt

211 4056 270 4127 its,
296 4065 385 4111 utre
410 4050 507 4110 omnis
530 4051 667 4109 diversae
687 4050 811 4126 originis
837 4049 961 4108 effeetus
988 4050 1111 4107 tollatur
1134 4061 1164 4107 et
1185 4070 1244 4108 non
1267 4051 1364 4108 solum
1392 4052 1492 4109 officia
1518 4061 1547 4108 et

212 4154 382 4233 privilegis,
404 4152 456 4211 sed
478 4151 546 4228 ipss
567 4151 622 4210 illa
642 4151 790 4209 vocabula
811 4152 888 4209 inter
909 4151 1025 4210 nobiles
1047 4152 1168 4210 iuvenes
1185 4160 1399 4226 veteranosque
1415 4153 1452 4210 ad
1468 4152 1548 4208 hunc

214 4258 360 4315 bonorem
374 4253 487 4332 pariter
501 4252 651 4310 admissos
666 4251 887 4327 quodammodo
902 4253 1165 4311 communicentur.
1200 4250 1321 4311 Scilicet
1336 4253 1386 4327 qui
1403 4260 1549 4328 praesunt

211 4358 250 4415 iis
271 4355 401 4416 comites
423 4352 481 4412 duo
502 4352 693 4430 appellantur
714 4353 944 4411 domesticorum
964 4354 1097 4430 equitum
1116 4363 1146 4411 et
1160 4354 1389 4411 domesticorum
1406 4353 1548 4429 peditum,

272 4546 297 4609 ¹)
317 4546 384 4597 Eius
402 4549 463 4597 suni
483 4548 704 4608 escendunt,
721 4550 808 4610 20,4ι
835 4549 1006 4597 comitatenses
1025 4555 1048 4596 et
1066 4549 1178 4614 ripenses
1197 4547 1287 4598 milites
1301 4555 1375 4615 utque
1383 4556 1547 4616 protectores.

215 4639 287 4689 Asai
305 4640 441 4702 sequentis
462 4647 522 4689 sont
544 4640 579 4689 ib.
599 4638 624 4699 7,
646 4640 690 4700 22,
711 4640 726 4689 2
747 4647 772 4687 et
792 4640 816 4699 8,
839 4641 863 4701 7,
885 4641 914 4699 2;
939 4640 999 4689 anni
1021 4640 1071 4688 328
1094 4639 1123 4689 C.
1142 4639 1192 4689 Th.
1215 4641 1239 4699 7,
1259 4642 1301 4701 20,
1324 4643 1348 4690 5.
1392 4641 1548 4690 Constitutio

216 4742 240 4779 s.
253 4727 342 4785 31315
360 4728 392 4779 C.
406 4729 457 4779 Tb.
477 4732 503 4791 7,
523 4732 568 4790 21,
589 4733 602 4779 1
623 4744 768 4780 memorans
788 4745 841 4791 eos,
866 4733 909 4794 qui
929 4746 959 4779 er
975 4728 1160 4796 protectoribus
1178 4729 1220 4779 rel
1238 4746 1268 4778 es·
1284 4732 1439 4796 praepositis
1460 4730 1503 4779 cel
1520 4746 1550 4779 er

216 4818 326 4871 tribunis
344 4820 497 4884 dignitatem
516 4836 568 4871 non
589 4822 695 4884 militis,
721 4822 766 4870 sed
785 4822 911 4870 codicillis
931 4824 1105 4885 impetrarint,
1131 4823 1208 4872 etiam
1228 4823 1365 4886 antiquiori
1393 4822 1551 4871 ordinationi

216 4921 275 4977 spts
287 4922 338 4962 ert.
370 4912 403 4961 Id
423 4913 507 4976 ipsum
527 4912 596 4962 valet
610 4914 643 4962 de
662 4914 845 4963 constitutione
864 4928 887 4961 a.
903 4913 955 4962 333
976 4913 1005 4962 C.
1020 4913 1070 4964 Tb.
1092 4901 1119 4973 7,
1137 4915 1180 4975 22,
1203 4915 1218 4962 b
1239 4914 1376 4977 praeterita
1389 4913 1550 4978 potissimum

216 5004 367 5069 respiciens.

274 5092 300 5157 ²)
322 5094 353 5145 C.
367 5094 420 5145 Tb.
435 5098 478 5156 12,
494 5098 518 5158 1,
534 5096 578 5158 38,
598 5097 654 5145 sine
673 5096 752 5146 dubio
767 5096 921 5159 Constantii,
941 5097 1049 5147 sonasse
1068 5099 1130 5146 anni
1151 5096 1213 5148 346.
1251 5097 1294 5146 Ad
1314 5097 1422 5146 eandem
1441 5102 1552 5145 aetutem

217 5187 329 5250 pertinet
347 5187 422 5237 locum
440 5186 577 5237 Ammiani
598 5188 640 5249 14,
662 5188 705 5247 10,
726 5188 751 5238 2.

1309 5295 1344 5352 9.
