3450 5828
338 686 546 744 Protectorum
569 684 629 742 duo
652 703 761 761 genera
783 684 915 754 laerrrnt,
944 684 1072 759 Augusti
1095 683 1192 760 ipsius
1215 692 1245 740 et
1264 682 1484 759 praefectorum
1511 690 1634 756 praeto·

297 791 351 845 rio.
394 787 520 844 Illorum
542 787 661 862 plenum
685 804 802 856 nomen,
827 786 906 862 quod
930 790 1061 843 serravit
1083 802 1159 842 unus
1181 784 1286 843 titulus
1308 805 1338 842 n.
1354 786 1383 857 4,
1409 784 1469 842 luit
1484 791 1637 860 protector

298 891 388 946 (licini
410 889 507 945 lateris
522 888 647 962 Augusti
667 892 766 953 nostri,
789 888 846 959 rel,
870 895 901 944 ut
923 887 1106 964 intellegitur
1120 905 1158 943 ex
1181 905 1209 944 n.
1226 885 1253 943 6.
1275 885 1322 955 16,
1344 885 1469 961 Augusti
1480 884 1563 943 illius
1579 900 1635 941 no-

299 992 376 1048 mine
398 990 560 1047 enuntiato.
611 991 638 1045 A
661 990 844 1065 protegendo
872 990 965 1046 latere
987 988 1175 1063 imperatoris
1205 1006 1313 1046 nomen
1340 987 1464 1046 sortitos
1489 1002 1560 1045 esse
1590 984 1637 1042 ait

299 1093 388 1149 etiam
410 1090 583 1149 constitutio
606 1110 632 1147 a.
648 1091 708 1148 416
732 1089 781 1165 (0.
799 1090 856 1147 ΤΙι.
874 1092 901 1158 6,
919 1089 968 1159 ts,
984 1090 1027 1164 9).
1070 1089 1230 1147 Breviatae
1256 1089 1369 1147 formae
1395 1097 1465 1149 sunt
1485 1098 1636 1165 protector

300 1195 400 1251 luteris
423 1195 514 1250 diuini
535 1213 563 1250 ιι.
580 1193 614 1261 8,
632 1202 777 1266 protector
797 1192 921 1266 Augusti
942 1191 1115 1249 similiterve
1138 1189 1388 1249 ιι.1.1.3.6.9.
1407 1191 1461 1261 17,
1482 1199 1636 1266 protector

300 1298 404 1353 donrini
423 1297 515 1351 nostri
537 1313 565 1350 n.
585 1292 630 1351 15.
668 1293 703 1349 In
726 1293 819 1349 titulis
842 1304 909 1350 ante
926 1290 1145 1350 Diocletianum
1170 1292 1291 1368 scriptis
1314 1311 1380 1350 cum
1395 1292 1528 1369 Augusti
1541 1309 1634 1350 roca-

299 1398 401 1455 bulum
424 1396 500 1454 adici
524 1394 629 1463 soleat,
652 1395 817 1468 posteriore
840 1403 935 1451 aetate
958 1411 1105 1468 nusquam
1128 1394 1310 1471 adscriptum
1330 1393 1484 1471 reperitur.
1502 1426 1540 1436 -
1557 1392 1635 1449 Pro·

301 1503 366 1556 terit
388 1499 454 1556 loco
477 1496 655 1571 protectoris
672 1495 768 1552 ordini
784 1497 930 1552 honorum
946 1494 1089 1552 insertum
1105 1505 1151 1552 cst
1166 1515 1194 1552 n.
1208 1496 1258 1554 43.
1282 1530 1320 1539 —
1343 1496 1517 1554 l²rotrctoris
1526 1494 1634 1571 pr(cs·

293 1599 448 1674 sectorum)
468 1597 643 1674 pr(octorio)
658 1597 831 1655 memoriam
847 1596 979 1652 servavit
994 1613 1069 1654 unus
1085 1596 1189 1655 titulae
1206 1616 1235 1655 a.
1250 1598 1297 1656 18.
1320 1631 1359 1639 —
1384 1596 1546 1656 Ducanarii
1562 1590 1634 1672 pro·

302 1710 428 1760 tectores
456 1700 645 1775 appellantur
671 1700 701 1756 in
730 1698 825 1756 titulis
853 1707 980 1774 septem,
1013 1698 1056 1755 sic
1082 1707 1114 1756 ut
1140 1702 1185 1755 cir
1212 1700 1384 1757 drwcuorius
1412 1708 1562 1776 protector
1594 1697 1634 1755 sit

302 1824 330 1861 ιι.
345 1804 392 1873 14,
415 1803 585 1859 ἀιινειιανίιιε
597 1810 740 1876 protector
761 1821 789 1858 ιι.
804 1802 831 1858 5.
848 1801 898 1870 41,
917 1808 1062 1874 protector
1084 1800 1255 1858 ducenarius
1278 1820 1306 1857 n.
1326 1801 1373 1858 11.
1389 1797 1429 1858 11
1450 1813 1481 1860 et
1500 1800 1633 1859 tortasse

302 1924 330 1962 n.
349 1904 401 1974 39,
430 1905 601 1962 ducenarius
628 1921 661 1960 eu
684 1901 888 1977 protectoribus
916 1901 1013 1959 lateris
1040 1903 1130 1960 diuini
1152 1920 1180 1958 n.
1197 1901 1226 1958 8.
1275 1901 1343 1960 Hoc
1370 1920 1490 1979 qaoque
1515 1903 1634 1961 addita-

302 2015 431 2064 mentum
454 2007 543 2063 tertio
565 2004 683 2063 saeculo
709 2004 852 2061 usitatum
881 2022 940 2061 non
964 2004 1015 2061 diu
1037 2012 1143 2080 postea
1164 2003 1286 2073 mausit3
1313 2022 1383 2061 nam
1409 2003 1513 2063 titulus
1534 2024 1566 2062 ιι.
1585 2004 1635 2075 14,

303 2107 353 2184 qui
375 2108 453 2165 inter
474 2107 528 2164 bos
551 2105 772 2164 recentissimus
792 2123 859 2164 esse
876 2105 1000 2175 videtur,
1023 2106 1151 2182 scriptus
1174 2106 1292 2164 ridetur
1304 2105 1467 2180 imperante
1482 2103 1635 2167 Οοιιεὶιιιι·

302 2208 373 2266 tino.
419 2208 562 2266 Ablatum
585 2225 651 2266 esse
675 2207 767 2264 videri
790 2207 1009 2284 protectoribus
1033 2226 1051 2265 a
1073 2204 1250 2265 Constantio
1271 2207 1352 2265 infra
1372 2214 1546 2282 exponetur.

344 2310 534 2368 Protectores
556 2318 624 2367 ante
647 2309 764 2367 tertium
789 2309 939 2368 saeculum
962 2309 1060 2367 nullos
1081 2309 1176 2367 fuisse
1198 2318 1231 2367 ut
1252 2328 1291 2367 ex
1307 2309 1426 2368 silentio
1449 2317 1509 2368 tam
1531 2318 1636 2370 aucto·

303 2431 368 2470 rum
391 2430 480 2487 quam
502 2412 634 2487 lapidum
655 2413 719 2468 iure
741 2410 908 2486 colligitur,
931 2411 973 2468 itu
994 2410 1113 2486 quando
1135 2411 1287 2485 coeperint
1307 2411 1339 2468 in
1361 2409 1531 2471 coniectura
1554 2413 1639 2490 posi·
1710 2446 1713 2453 ·

303 2526 365 2572 tum
388 2524 441 2571 est.
486 2511 545 2585 Qui
568 2514 644 2570 vitus
666 2512 876 2587 imperatorum
900 2512 1085 2588 seripserunt
1106 2520 1305 2588 protectorum
1329 2512 1506 2571 mentionem
1521 2511 1641 2572 faciunt

304 2634 369 2673 cum
393 2615 440 2672 rrbi
464 2615 562 2691 agitur
584 2613 621 2671 de
643 2611 796 2671 Gordiano
818 2614 915 2690 primo
942 2614 1017 2689 (rita
1038 2614 1196 2672 Maximini
1217 2632 1242 2673 c.
1262 2614 1313 2672 14:
1344 2613 1547 2690 Carthaginem
1569 2634 1640 2691 per-

303 2720 378 2775 venit
404 2735 466 2774 cunr
489 2735 596 2792 porrrpu
623 2716 716 2790 repuli
743 2724 770 2772 ct
790 2717 997 2790 protectoribus
1023 2726 1049 2772 et
1066 2717 1199 2788 fascibus
1232 2715 1385 2786 laureatis,
1418 2714 1526 2791 quibus
1560 2735 1643 2792 quae

304 2818 486 2893 respondent
508 2817 588 2891 apud
609 2816 814 2875 Herodianum
842 2816 873 2888 7.,
898 2818 931 2886 6,
955 2815 987 2887 1,
1015 2817 1089 2875 haec
1115 2826 1198 2875 sunt:
1226 2806 1316 2873 εἵπετο
1339 2805 1370 2874 bi
1397 2810 1478 2893 nisui
1503 2816 1592 2875 adse
1622 2814 1642 2887 ἦ

302 2911 442 2989 βασιλικὴ
466 2909 579 2988 πομπή,
605 2920 656 2975 τῶν
677 2906 725 2986 μὲν
747 2919 920 3000 στρατιωτῶν
943 2907 1040 2979 οἵτινες
1060 2907 1131 2985 ἦσαν
1153 2915 1211 2975 ἐκεῖ
1228 2907 1277 2975 uui
1298 2919 1354 2976 suiv
1374 2911 1451 2975 uerri
1476 2911 1527 2987 τήν
1554 2908 1643 2976 πόλιν

303 3011 521 3102 ἐπιμηκεστέρων
544 3013 693 3076 νεανίτκων
714 3017 743 3074 ἔν
765 3010 898 3098 σχήματι
920 3020 976 3076 τῶν
997 3013 1073 3075 κατὰ
1095 3013 1144 3089 τήν
1157 3012 1266 3089 Ῥώμην
1288 3008 1451 3101 δορυφᾶρνιν
1470 3010 1644 3102 προτόντινν·

304 3112 337 3178 oi
354 3145 384 3178 τε
405 3111 512 3204 ῥάβδοι
535 3110 765 3201 ἒδαφνηφέρουν)
789 3127 850 3178 tum
865 3120 1010 3178 Antonini
1028 3118 1132 3179 Severi
1151 3120 1171 3178 f.
1195 3138 1244 3179 res
1266 3129 1438 3179 enarrantes
1460 3117 1585 3195 (Carae.
1604 3122 1643 3181 5:

303 3226 451 3300 naufragii
468 3222 627 3298 periculum
649 3223 721 3279 adiit
742 3233 873 3280 untcrnnu
887 3226 1002 3299 fructu,
1029 3227 1070 3279 ita
1091 3231 1122 3279 ut
1143 3226 1174 3279 iu
1195 3222 1333 3299 scapham
1354 3241 1415 3280 οννι
1432 3224 1645 3298 protectoribus

305 3327 492 3384 clcsccndcret.
536 3344 562 3382 c.
579 3325 612 3382 7:
641 3328 747 3382 occisus
770 3335 811 3384 cst
831 3328 861 3382 iu
882 3326 972 3381 medio
995 3327 1092 3381 itinere
1114 3366 1141 3382 ..
1166 3342 1227 3382 urm
1250 3325 1387 3383 leuandae
1407 3326 1517 3384 uesicas
1537 3329 1644 3401 grotta

305 3447 338 3486 cs
360 3446 430 3503 equo
452 3427 637 3484 descendisset
659 3436 743 3501 ctqrrc
764 3430 836 3484 intcr
854 3434 1024 3501 protectores
1046 3443 1113 3484 suos
1135 3429 1296 3485 coniuratos
1311 3427 1405 3485 coedis
1419 3427 1541 3503 ageret).
1579 3424 1645 3487 Sed

304 3529 352 3587 his
374 3528 411 3587 ad
433 3528 638 3603 quaestionem
661 3527 855 3586 decidendam
881 3527 968 3603 periti
996 3546 1055 3585 non
1082 3534 1214 3598 utentur3
1246 3528 1345 3587 solent
1370 3528 1447 3587 enim
1476 3528 1643 3605 scriptores

305 3630 350 3689 illi
380 3648 453 3688 suae
481 3628 588 3687 aetatis
615 3628 764 3688 coloribus
793 3629 961 3704 antiquiora
993 3629 1163 3706 depingere.
1217 3629 1336 3688 Titulos
1369 3629 1420 3689 ubi
1450 3629 1643 3706 inspicimus,

306 3750 408 3790 eorum
431 3731 482 3807 qui
504 3738 707 3806 protectorum
730 3739 841 3789 certam
862 3730 1035 3789 memoriam
1058 3727 1327 3807 subministrant¹)
1349 3730 1578 3807 antiquissimus
1593 3741 1645 3791 est

307 3833 401 3891 Tauri
423 3832 465 3906 (n.
484 3831 516 3908 l)
539 3833 604 3891 cius
627 3833 677 3909 qui
699 3833 796 3892 fasces
819 3833 953 3908 suscepit
974 3852 1000 3891 a.
1017 3831 1075 3890 161
1101 3845 1130 3891 ct
1152 3833 1231 3891 circa
1245 3833 1323 3892 idem
1338 3839 1455 3910 tempas
1471 3835 1642 3910 praefectu-

306 3954 371 3994 ram
394 3934 545 4010 praetoric
567 3933 801 4005 administrarit3
824 3934 850 3991 is
873 3953 937 3992 cum
961 3942 1029 3992 ante
1051 3953 1116 3992 eam
1136 3935 1354 4012 praefecturam
1369 3934 1494 3994 alteram
1515 3936 1642 4013 vigilam

307 4036 444 4115 gesserit,
468 4044 536 4095 ante
558 4036 633 4094 hauc
654 4036 792 4094 tribunus
814 4036 1020 4110 praetorianus
1042 4037 1252 4113 protectoriam
1275 4036 1446 4115 dignitatem
1470 4037 1643 4109 obtinuerit,

307 4147 387 4196 recte
408 4137 477 4195 inde
499 4137 645 4196 efficietur
666 4144 850 4214 protectores
873 4137 1024 4196 institutos
1047 4156 1114 4197 esse
1136 4147 1204 4197 ante
1218 4138 1412 4197 Valerianum
1435 4137 1643 4214 (153-160).

307 4239 411 4316 ltaque
434 4243 513 4297 circa
535 4239 688 4298 saeculum
711 4240 829 4298 tertium
851 4239 979 4298 medium
1002 4258 1022 4297 a
1036 4239 1179 4317 Philippo
1200 4240 1329 4299 tortasse
1351 4240 1399 4298 vel
1422 4238 1551 4300 aDecio
1573 4258 1644 4317 pro·

308 4350 435 4399 tectores
459 4341 587 4400 instituti
611 4348 695 4411 sunt3
717 4341 764 4398 cui
787 4341 877 4399 aetati
896 4348 928 4399 ut
943 4340 1048 4400 caedes
1065 4340 1228 4417 principum
1247 4342 1437 4401 acomitibus
1453 4347 1645 4419 perpetratae

308 4444 448 4520 propriae
471 4452 553 4514 sunt,
581 4444 624 4501 ita
650 4443 742 4501 divini
769 4442 872 4501 lateris
901 4442 1061 4519 singularis
1088 4443 1225 4501 custodis
1250 4443 1317 4502 fidei
1345 4443 1511 4503 deficientis
1536 4449 1646 4518 aperta

309 4545 460 4603 confessio
483 4545 601 4622 egregie
623 4544 770 4601 convenit.

312 4653 380 4660 ——.
390 4651 516 4660 ..-

369 4698 393 4760 1)
413 4699 444 4748 In
464 4700 588 4750 laterculo
607 4701 717 4752 militum
736 4703 958 4766 praetorianorum
978 4717 1002 4753 a.
1018 4704 1069 4752 111
1094 4702 1135 4765 (C.
1148 4704 1201 4763 VI,
1223 4706 1293 4757 1799
1314 4720 1337 4753 v.
1353 4704 1398 4767 11)
1423 4710 1449 4754 et
1472 4704 1555 4755 altero
1581 4700 1647 4755 sunt

310 4790 400 4840 incerti
421 4790 483 4852 (VI,
506 4792 589 4857 1116)
610 4807 675 4857 quae
694 4793 813 4857 leguntur
833 4799 846 4840 7
868 4793 967 4844 Iuliani
978 4810 1023 4861 pr.
1049 4803 1074 4844 et
1095 4783 1131 4859 [7]
1155 4793 1238 4844 Prirnr'
1250 4811 1295 4863 pr.
1314 4811 1367 4846 non
1386 4803 1455 4846 recte
1473 4796 1586 4847 uultus
1603 4808 1648 4847 ms

310 4883 344 4932 ad
363 4890 521 4946 protectores
541 4885 640 4933 montrit
658 4884 821 4936 Burmannus
840 4887 961 4952 adlegans
980 4887 1049 4951 qnotl
1068 4886 1162 4952 legitur
1180 4887 1207 4937 in
1226 4889 1301 4937 titulo
1320 4887 1416 4938 Pisano
1440 4886 1482 4950 (C.
1493 4886 1549 4948 xl,
1572 4886 1647 4939 lest

312 4993 345 5015 =
366 4973 441 5026 Grnr.
460 4975 521 5038 519,
544 4975 570 5038 1)
590 4976 640 5040 ipsi
658 4976 728 5026 riso:
749 4975 786 5027 Μ.
807 4978 872 5028 Ανν.
891 4977 1022 5028 Iustianus
1041 4978 1091 5028 mil.
1111 4977 1166 5030 cols.
1180 4977 1246 5029 1111
1259 4996 1301 5047 pr.
1322 4982 1336 5024 7
1357 4977 1435 5030 Flors'
1447 4979 1519 5046 pru'o.
1551 4978 1649 5045 Neque

311 5067 363 5116 iam
383 5066 472 5117 dubito
492 5069 517 5117 in
538 5068 687 5118 cohortibus
706 5068 758 5119 illis
781 5072 945 5121 centuriones
970 5071 1045 5121 binus
1069 5071 1148 5122 luisse
1166 5070 1282 5122 Iulianos
1300 5071 1403 5123 Primos
1421 5070 1516 5123 Floras
1540 5070 1582 5121 lta
1607 5070 1649 5123 dt·

311 5161 426 5222 stinctos,
447 5167 474 5208 nt
493 5160 560 5210 alter
578 5162 649 5224 prior
669 5161 849 5226 appellaretur,
870 5163 934 5214 alter
953 5164 1090 5227 posterior.
