3450 5828
210 432 281 502 626
781 453 963 505 stonirssa

207 626 314 701 primo,
337 626 464 703 denique
486 627 649 703 imperante
666 625 814 687 Gratiano
837 626 969 685 declarat
984 627 1155 687 constitutio
1177 625 1225 702 (O.
1239 626 1298 686 Th.
1317 629 1345 699 1,
1363 627 1395 699 6,
1411 627 1447 704 8)
1464 628 1551 689 huius

207 728 396 805 imperatoris
418 729 489 786 data
511 728 672 788 Mediolani
700 730 727 788 d.
745 727 782 785 22
799 727 879 788 Nor.
903 750 929 788 a.
947 728 1006 788 382
1033 730 1073 788 ad
1094 728 1224 789 Bassum
1251 730 1441 807 praefectum
1468 730 1549 790 urbis

207 830 295 888 haec:
318 831 534 906 apparitoribus
558 835 611 889 tais
634 834 778 903 stat-iones,
801 851 873 908 quas
896 832 1017 891 debuere
1039 836 1207 908 antiquitas,
1230 836 1383 891 statuimus
1405 850 1469 891 esse
1485 835 1548 891 red·

207 933 330 990 dendus:
357 936 444 1008 iqitur
461 936 588 1008 pristino
609 951 685 991 ruore
706 944 816 992 servato
839 935 880 991 ad
900 952 993 992 omnes
1010 937 1192 1010 morineias,
1222 953 1295 1011 qaas
1317 936 1364 992 cel
1391 935 1453 993 diei
1477 932 1546 997 Ceu

206 1037 327 1092 stantiui
347 1038 504 1092 constitutio
528 1035 652 1105 dederat,
674 1037 718 1092 cel
734 1035 846 1093 Probas
869 1039 913 1094 vir
933 1037 1057 1094 illustris
1077 1035 1272 1112 (intellegitur
1287 1032 1361 1095 Sex.
1379 1034 1544 1096 Petronius

205 1136 324 1193 Probus
340 1136 506 1211 praefectus
524 1136 673 1210 praetorio
690 1137 795 1194 Italiae
810 1136 905 1195 asts
917 1171 954 1181 -
964 1155 988 1195 c.
999 1137 1071 1213 375)
1084 1140 1228 1213 pertriste
1242 1137 1299 1195 sibi
1312 1155 1332 1194 a
1343 1147 1543 1214 petrenessa

206 1236 434 1311 (Valentiniano
462 1237 477 1294 Ι
505 1256 530 1294 a.
550 1236 735 1313 aot-375)
759 1249 898 1313 potestate
927 1240 1105 1308 reddiderat,
1134 1240 1287 1314 procedre
1313 1242 1469 1299 daceritcs
1496 1249 1543 1299 tau

147 1364 151 1371 ·
201 1342 347 1415 principes
371 1339 530 1397 destinabit.
575 1339 637 1398 Eae
661 1340 830 1415 provinciae
854 1360 999 1416 quaenam
1023 1340 1132 1398 luerint
1152 1358 1219 1398 cum
1240 1340 1271 1398 in
1292 1342 1468 1401 coniectura
1491 1360 1542 1418 po·

206 1441 294 1499 situm
316 1442 369 1512 sit,
397 1460 454 1499 non
477 1442 576 1516 inepte
598 1441 775 1516 cogitabitur
797 1443 833 1500 de
855 1442 908 1512 iis,
937 1462 953 1498 e
976 1442 1085 1518 quibus
1108 1441 1326 1518 appellationes
1348 1443 1391 1501 ad
1412 1444 1542 1520 praelec-

205 1551 266 1600 tum
289 1544 353 1601 urbi
376 1543 596 1614 deserebantur,
619 1562 684 1601 cum
707 1544 882 1618 praesertim
903 1545 933 1601 in
949 1544 986 1601 iis
1002 1543 1179 1602 definiendis
1194 1543 1264 1601 item
1280 1544 1445 1604 admodum
1460 1545 1540 1623 leges

182 1668 184 1673 ·
205 1646 349 1702 variarint
360 1644 399 1720 ¹),
420 1645 509 1704 modo
524 1645 737 1704 constituentes
754 1645 789 1703 ad
806 1646 987 1723 praefectum
1004 1646 1085 1705 urbis
1099 1645 1215 1703 Romae
1230 1652 1260 1703 et
1273 1662 1380 1705 rursus
1393 1644 1541 1706 Constan-

204 1747 419 1823 tinopolitanae
442 1747 658 1822 appellationes
680 1765 739 1805 non
762 1748 920 1823 pertinere,
945 1747 1034 1807 modo
1056 1747 1141 1805 illum
1164 1747 1379 1823 appellandum
1403 1766 1472 1809 esse
1492 1758 1541 1808 aut

205 1867 243 1906 ex
268 1849 358 1906 Italia
380 1849 447 1907 sola
468 1858 520 1906 aut
541 1858 695 1924 praeterea
724 1851 872 1908 exsertis
899 1849 1061 1926 provinciis
1087 1849 1311 1922 transmarinis,
1343 1850 1540 1928 similiterque

204 1950 396 2027 disponentes
418 1950 454 2009 de
476 1951 628 2028 praefecto
651 1951 765 2009 Romae
786 1970 891 2010 novae.
919 1983 959 1993 -
985 1951 1158 2010 Posteriore
1180 1960 1276 2010 aetate
1299 1950 1491 2026 aliquamdiu
1512 1953 1540 2011 ui

203 2052 291 2110 fallor
312 2069 359 2109 res
382 2053 424 2110 ita
447 2052 641 2129 aequabiliter
664 2052 872 2112 administrata
894 2061 948 2126 est,
972 2063 1004 2111 ut
1024 2053 1219 2131 magistratus
1236 2053 1287 2129 qni
1301 2053 1425 2130 imperii
1440 2065 1538 2133 partes

203 2155 446 2214 administrarent
466 2155 630 2231 principem
653 2154 797 2213 haberent
817 2155 853 2214 de
876 2173 931 2213 suo
954 2156 1081 2231 quisque
1108 2156 1222 2226 officio,
1248 2164 1353 2215 contra
1380 2158 1538 2234 magistra·

202 2257 282 2316 tibus
305 2257 487 2315 dioecesium
509 2265 539 2314 et
560 2255 778 2331 provinciarum
804 2257 944 2335 princeps
971 2258 1163 2334 deputaretur
1189 2276 1227 2315 ex
1253 2256 1361 2316 schola
1386 2259 1538 2335 agentium

201 2359 232 2416 in
255 2359 352 2431 rebus,
375 2378 453 2435 quae
480 2359 605 2434 parebat
630 2359 773 2435 magistro
803 2357 977 2418 officiorum.
1029 2358 1138 2435 Coepit
1162 2359 1193 2417 id
1220 2359 1352 2418 fortasse
1377 2360 1440 2419 snb
1463 2357 1538 2420 Con·

203 2461 328 2531 stanti03
357 2479 425 2518 nam
447 2468 570 2537 agentes
596 2461 626 2518 in
649 2462 738 2520 rebus
766 2479 945 2536 quamquam
973 2462 1092 2519 fuerunt
1119 2461 1177 2518 iam
1206 2461 1263 2520 sub
1286 2457 1538 2538 censendum),

203 2562 258 2620 sub
278 2562 342 2619 filio
367 2563 483 2621 demum
513 2562 550 2620 ad
579 2581 643 2622 eam
670 2563 832 2639 potentiam
862 2563 998 2621 videntur
1024 2563 1168 2634 crevisse,
1201 2581 1291 2639 qnam
1317 2562 1465 2641 deinceps
1489 2563 1537 2622 ol)-

201 2664 368 2734 tinueront3
390 2671 468 2724 certe
489 2682 554 2722 cum
579 2665 691 2742 scripta
712 2671 759 2723 est
774 2664 890 2723 Notitia
907 2664 1093 2742 Dignitatum
1109 2665 1268 2742 incipiente
1284 2664 1406 2724 saeculo
1422 2665 1536 2743 qniuto,

200 2767 227 2823 is
250 2775 345 2825 status
368 2766 496 2826 obtinuit
516 2767 546 2824 in
569 2766 704 2842 partibus
719 2765 890 2825 Occidentis
912 2766 1097 2842 eundemque
1119 2775 1207 2825 antea
1221 2767 1311 2825 etiam
1325 2767 1357 2825 in
1373 2764 1536 2827 Occidente

200 2867 363 2927 obtinuisse
385 2887 423 2927 ex
446 2870 514 2944 ipsa
535 2869 723 2944 aliquatenus
746 2868 823 2927 effici
845 2880 952 2947 potest.

239 2969 344 3028 Priore
366 2970 433 3029 loco
455 2971 534 3046 qnod
562 2970 787 3042 adseveramus,
814 2969 932 3029 Notitia
953 2970 1142 3048 Dignitatem
1169 2990 1205 3030 eo
1227 2970 1431 3046 demonstrat,
1458 2971 1535 3049 qued

198 3071 358 3146 praefectis
379 3073 540 3147 praetorio,
563 3072 721 3148 praelectis
745 3071 828 3130 urbis
846 3072 959 3132 Romae
981 3082 1010 3132 et
1025 3069 1358 3152 Constantinopolis³),
1381 3074 1534 3151 magistris

197 3173 363 3249 militum⁴)
390 3174 529 3250 princeps
557 3174 676 3232 additur
700 3175 793 3245 nude,
820 3177 932 3252 pariter
958 3183 1047 3251 atque
1073 3175 1106 3233 fit
1132 3177 1162 3234 in
1190 3176 1314 3252 reliquis
1341 3175 1534 3247 officialibus,

197 3292 271 3350 quos
294 3284 414 3333 constat
434 3276 463 3333 in
487 3294 541 3333 suo
563 3295 708 3352 quemque
730 3275 829 3334 officio
853 3296 905 3352 per
927 3278 1038 3355 gratim
1060 3277 1250 3338 adscendere.
1298 3277 1464 3336 Praeterea
1485 3296 1533 3337 ne-

197 3394 256 3451 que
277 3376 388 3435 indicia
410 3385 573 3454 suppetunt
595 3377 659 3436 eins
680 3378 738 3436 loci
760 3379 910 3456 principes
933 3399 971 3439 ex
987 3380 1142 3456 egentibus
1156 3381 1186 3440 in
1201 3380 1290 3440 rebus
1306 3380 1403 3439 lectos
1420 3379 1530 3455 esse⁵)‚

197 3545 399 3554 ——-—-

255 3655 279 3717 ¹)
298 3657 585 3723 Bethmann·Hellvseg
613 3655 781 3725 Cr'uilprocess
801 3658 817 3708 3
837 3675 862 3723 p.
877 3659 920 3709 63.
936 3659 979 3710 67.

254 3747 278 3809 ²)
297 3749 476 3799 Memorantur
494 3751 521 3799 in
540 3751 594 3816 lego
613 3766 636 3801 a.
650 3750 702 3800 319
724 3750 753 3801 Ο.
768 3751 818 3800 Th.
834 3752 858 3813 6,
881 3751 924 3811 36,
946 3752 970 3801 3.

253 3838 277 3901 ³)
297 3842 445 3892 Laterculus
464 3843 538 3892 huius
557 3843 677 3908 praefecti
699 3843 795 3892 excidit
813 3860 845 3893 ex
858 3844 961 3894 Notitia
973 3843 1099 3906 Orientis3
1119 3843 1163 3893 sed
1183 3843 1256 3893 adest
1273 3843 1399 3907 gemellus
1411 3844 1440 3893 in
1453 3845 1530 3893 altera

194 3932 349 3984 Occidentis.

251 4023 277 4087 ⁴)
296 4026 338 4076 De
357 4028 479 4092 magistro
499 4027 612 4092 equitum
632 4041 677 4091 per
696 4026 796 4078 Gallias
816 4027 885 4076 infra
904 4027 1008 4077 dicotur.

255 4116 277 4178 ⁵)
298 4119 358 4168 Non
378 4120 463 4169 obstat
481 4120 575 4183 opinor
593 4119 741 4169 constitutio
761 4134 784 4169 a.
800 4118 851 4169 368
872 4118 913 4180 (C.
928 4120 978 4170 Th.
999 4121 1023 4182 1,
1041 4121 1085 4181 29,
1104 4119 1147 4181 4),
1172 4132 1223 4184 qua
1245 4118 1431 4170 constitutione
1449 4121 1484 4171 ad
1502 4120 1528 4169 id

194 4210 264 4275 qnod
283 4211 370 4274 paullo
389 4218 448 4261 ante
467 4218 606 4261 sanxerant
625 4212 792 4276 imperatores
811 4211 971 4261 defensorem
990 4212 1100 4261 civitatis
1119 4213 1198 4262 creari
1214 4226 1289 4276 posse
1301 4212 1345 4276 qni
1359 4212 1528 4277 principatum

192 4302 312 4367 gessisset
328 4303 397 4366 apud
415 4302 572 4366 praefectum
591 4304 720 4367 praetorio
740 4303 909 4366 vicariumve,
933 4304 1037 4354 additur
1055 4305 1117 4353 item
1136 4304 1196 4368 eligi
1219 4304 1296 4353 licere
1321 4303 1366 4369 qai
1390 4320 1422 4354 ex
1443 4301 1529 4354 sedala

194 4400 309 4460 operatum
326 4394 353 4442 in
372 4391 446 4443 redas
465 4392 521 4444 aedi
539 4393 659 4456 (traditur
678 4394 754 4456 sedis)
775 4395 889 4445 culminis
908 4396 987 4445 uestri
1005 4395 1112 4457 (scilicet
1129 4396 1259 4461 praefecto
1273 4395 1414 4461 praetorio)
1434 4411 1529 4445 mnatre

189 4486 351 4553 prius-quates
370 4493 455 4535 trustra
475 4485 653 4552 quodammodo
673 4488 769 4537 neruiue
783 4489 926 4554 paruerint.
956 4488 1043 4539 Verba
1060 4488 1124 4539 haee
1143 4488 1359 4553 interpretationis
1371 4502 1465 4553 parum
1477 4503 1528 4538 eer-

193 4586 234 4629 tae
253 4585 278 4627 et
297 4579 352 4628 sine
371 4579 450 4630 dubio
469 4579 594 4629 mendosa
612 4586 728 4643 spectant
747 4581 840 4645 opinor
859 4582 891 4630 ud
911 4581 1040 4646 principes
1060 4580 1208 4644 praesidum
1227 4580 1391 4644 provinciae,
1411 4581 1456 4646 qni
1475 4594 1527 4630 non

192 4672 277 4735 inepte
297 4671 417 4720 dicuntur
435 4671 562 4735 praefecto
582 4673 711 4736 praetorio
731 4673 857 4736 paruisse,
885 4688 943 4722 cum
962 4674 1011 4737 ipsi
1031 4673 1160 4737 praesides
1179 4671 1226 4721 sub
1245 4686 1277 4720 eo
1296 4677 1388 4722 essem.
1431 4672 1526 4722 Eadem

191 4764 369 4829 interpretatio
389 4764 490 4813 videtur
509 4778 583 4827 posse
602 4764 703 4814 admitti
726 4765 787 4813 item
814 4764 857 4812 obi
882 4764 1030 4814 constitutio
1054 4779 1077 4814 a.
1092 4765 1145 4814 449
1171 4763 1354 4825 (nov.Valent.
1368 4763 1413 4814 111
1432 4765 1469 4815 tit
1485 4767 1525 4826 37,

194 4859 218 4918 1,
235 4854 260 4918 1)
280 4862 406 4907 memorat
425 4870 469 4905 eos
488 4856 532 4920 qui
551 4871 583 4904 ex
603 4856 690 4906 schola
709 4857 838 4919 agentium
857 4857 884 4904 in
903 4856 978 4906 rebus
997 4857 1033 4906 ad
1055 4854 1174 4927 obsequia
1187 4855 1367 4922 praefecturae
1383 4858 1526 4923 praetoria-

191 4963 239 4998 nae
255 4955 315 5014 post
333 4948 432 5014 infinito
452 4946 598 4998 discrimina
617 4954 641 4996 et
660 4955 804 5014 consumpta
823 4948 915 4997 aetatis
931 4955 1006 5014 parte
1025 4947 1126 4998 meliore
1144 4949 1309 5013 perveniunt,
1330 4963 1378 4998 nec
1398 4950 1483 4999 minus
1500 4950 1526 4999 iu

192 5040 307 5103 epistulis
325 5040 532 5092 Cassiodorianis
552 5041 577 5100 6,
592 5040 622 5089 6:
648 5040 755 5105 officiam
775 5041 827 5090 eius
847 5040 971 5105 (magistri
991 5040 1147 5102 officiorum)
1167 5046 1239 5089 tanta
1257 5040 1327 5106 penis*
1342 5041 1527 5108 praeroputiro

192 5129 333 5194 decoratur,
354 5140 382 5182 ut
400 5133 505 5185 milr'tiue
518 5130 668 5202 perfunctas
685 5129 827 5183 artuaeribue
846 5139 949 5184 ornetur
967 5132 1064 5183 nomiae
1077 5132 1241 5201 principatus
1253 5132 1364 5202 mireque
1376 5131 1450 5185 mode
1463 5133 1527 5184 ister
