3450 5828
576 503 877 557 onsenvsrronns
895 506 1182 558 serensemess.
1476 489 1545 559 133

211 676 332 737 nobiles
351 693 445 753 quam
468 679 611 736 veterani.
647 676 753 754 ltaque
775 696 866 736 unum
888 696 983 756 genus
1005 680 1062 737 hoc
1082 678 1138 736 fuit
1160 678 1334 738 officialium
1349 698 1388 738 ex
1403 689 1487 758 parte
1501 680 1553 738 ad-

212 788 364 857 sumptum
386 788 512 856 propter
534 777 659 849 natales,
681 798 720 837 ex
741 788 826 854 parte
848 789 971 856 propter
992 780 1130 838 militiam
1153 790 1335 839 veteranam.

254 878 452 940 Camertium
478 886 679 956 protectorum
707 878 778 955 (hoc
801 880 946 939 vocabalo
968 880 1108 958 deinceps
1131 882 1366 958 significabimus
1388 882 1546 940 universos

211 990 275 1041 nm
296 990 458 1041 veteranos
484 999 574 1058 qnam
600 981 732 1056 nobiles)
761 982 911 1057 quomodo
935 983 1129 1042 constitutum
1155 983 1257 1056 inerit,
1286 1002 1390 1058 parum
1418 992 1545 1042 constat.

211 1081 285 1141 Duo
305 1083 427 1143 inerunt
447 1100 560 1160 genera
580 1083 770 1141 militantium
797 1086 873 1141 intra
895 1083 1037 1158 palatium
1063 1082 1113 1159 (C.
1130 1084 1187 1142 Th.
1207 1084 1253 1156 16,
1275 1084 1303 1155 5,
1324 1082 1393 1157 tt),
1420 1084 1546 1143 alterum

210 1184 386 1245 scholaram
405 1184 463 1243 sub
478 1184 623 1261 magistro
638 1183 805 1242 officiorum
820 1185 1048 1243 constitutarum
1065 1186 1261 1245 scutariorum
1278 1183 1432 1261 gentilium
1449 1202 1547 1242 arma·

209 1296 357 1357 terarum,
378 1285 506 1344 altarum
528 1285 585 1344 hoc
599 1284 830 1344 domesticorum
853 1286 1009 1344 comitibus
1024 1287 1197 1356 oboediens,
1220 1294 1249 1343 et
1270 1294 1430 1362 propterea
1451 1306 1543 1364 oppo-

209 1398 323 1449 nnntnr
344 1386 375 1445 ni
397 1385 528 1445 scholari
551 1385 675 1445 militiae
701 1386 731 1444 in
754 1386 873 1462 legibus
896 1406 922 1446 a.
940 1387 1000 1446 346
1022 1386 1070 1461 (O.
1088 1388 1146 1446 Th.
1165 1386 1212 1458 12,
1232 1389 1258 1459 1,
1275 1386 1327 1462 38)
1355 1397 1385 1445 et
1408 1388 1467 1447 366
1492 1387 1541 1463 (C.

208 1489 270 1549 Th.
285 1488 317 1560 8,
333 1488 362 1561 7,
378 1487 412 1563 9)
439 1498 470 1546 11
490 1486 522 1545 in
543 1486 660 1547 Notitia
681 1486 884 1563 Dignitatem,
911 1488 1155 1565 significaturque
1179 1488 1371 1560 universitas,
1401 1495 1433 1546 ut
1453 1490 1543 1547 modo

207 1590 351 1661 vidimus,
373 1588 520 1648 vocabulo
540 1592 672 1648 consortii
693 1589 912 1664 similibusque.
945 1587 1004 1648 Sed
1027 1607 1097 1648 mox
1119 1588 1289 1648 scholarum
1305 1589 1481 1647 uocabulum
1503 1589 1542 1648 ad

207 1693 267 1751 hoc
287 1708 408 1767 quoqne
427 1707 520 1767 genus
543 1691 703 1768 porrigitur
718 1699 892 1767 usurpatum
913 1691 951 1748 ab
966 1690 1125 1748 Ammiano
1148 1689 1213 1766 (26,
1229 1693 1258 1761 5,
1275 1691 1307 1749 3:
1330 1691 1542 1750 darnesticoram

203 1796 339 1871 praefuit
350 1791 480 1860 achalam·
504 1791 551 1863 14,
568 1790 597 1861 7,
613 1790 645 1849 9:
668 1791 771 1849 scholis
790 1791 934 1866 palatinis
957 1801 982 1849 et
999 1800 1189 1867 protectorum
1204 1812 1266 1850 sum
1280 1795 1412 1851 scutariis
1430 1802 1455 1849 et
1474 1811 1540 1866 pen-

207 1892 321 1971 1171511)
348 1903 379 1951 ct
404 1894 435 1951 in
461 1891 725 1951 constitutionibus
747 1892 856 1950 Iuliani
884 1890 1150 1968 (0110111
1175 1911 1202 1950 a.
1219 1890 1293 1952 362:
1321 1895 1464 1950 domestici
1486 1912 1542 1968 per

206 1996 340 2071 alapatus
364 2012 493 2071 quaeqae
517 1992 660 2067 scholas),
684 1991 890 2052 Valentiniani
918 1992 1186 2067 (Ο.Τ11.6,24,3
1210 2013 1237 2050 1.
1254 1993 1328 2051 3641
1351 2003 1541 2068 protectorum

206 2095 565 2170 110111111101011101010),
591 2093 758 2154 Theodosii
780 2095 808 2152 Il
831 2093 881 2168 (0.
898 2093 954 2151 Th.
973 2094 1000 2166 6,
1016 2093 1066 2163 25,
1085 2096 1116 2151 1:
1147 2113 1180 2152 ee
1202 2096 1387 2153 devotissimis
1410 2097 1539 2153 domesti-

204 2218 303 2258 carum
324 2196 453 2272 1110111).
496 2195 649 2271 Bipertiti,
676 2195 791 2254 scilicet
811 2195 927 2272 equites
950 2194 1015 2266 alii,
1045 2195 1094 2252 alii
1124 2195 1240 2272 pedites
1261 2214 1327 2254 cnm
1356 2203 1538 2271 protectores

204 2302 244 2360 ab
266 2301 337 2377 ipso
356 2297 443 2356 initio
465 2297 620 2356 rideantur
640 2297 745 2369 inisse,
767 2297 843 2355 dnae
865 2297 986 2355 scholae
1007 2297 1137 2373 equitum
1160 2297 1262 2368 altera,
1288 2297 1385 2354 altera
1405 2296 1536 2371 peditum

204 2410 289 2461 certo
310 2407 438 2459 testatae
459 2417 519 2457 non
541 2407 610 2457 sunt
630 2398 687 2457 nisi
709 2397 740 2456 in
755 2398 1019 2457 constitutionibus
1035 2398 1148 2456 saeculi
1165 2398 1243 2456 sexti
1265 2395 1354 2471 (Cod.
1371 2397 1445 2455 lust.
1463 2396 1491 2469 2,
1508 2398 1536 2468 7,

205 2500 257 2573 25,
273 2502 301 2559 3.
329 2500 376 2571 tt,
388 2501 416 2574 7,
432 2501 460 2559 4.
477 2500 522 2575 5).
557 2499 672 2558 Eodem
696 2518 764 2557 num
788 2508 900 2576 spectet
921 2499 1047 2576 pluralis
1069 2500 1099 2556 in
1122 2499 1239 2577 legibus
1262 2516 1353 2575 snpra
1375 2498 1471 2556 citatis
1487 2498 1537 2557 lu·

201 2604 277 2663 liani
298 2611 330 2662 et
351 2601 514 2660 Theodosii
536 2601 569 2658 11
596 2612 772 2676 usurpatus,
799 2599 922 2659 dubium
945 2611 1003 2670 est,
1031 2619 1097 2659 cunr
1120 2599 1265 2675 singulari
1291 2610 1410 2658 utantur
1425 2599 1535 2658 Valen-

201 2706 339 2765 tinianus
360 2711 391 2761 et
411 2702 515 2761 titulus
530 2699 698 2778 Cyzicenus
720 2723 748 2760 n.
765 2700 820 2772 293
842 2704 952 2761 rectius
969 2702 1097 2760 fortasse
1113 2720 1177 2759 eam
1192 2702 1340 2759 sermonis
1363 2701 1536 2759 inconstan-

202 2807 278 2866 tiam
310 2804 381 2863 inda
412 2804 593 2881 explicabis,
626 2803 707 2879 quod
740 2815 861 2880 propter
886 2804 1012 2862 instituti
1043 2802 1247 2860 condicionem
1276 2821 1344 2860 vere
1377 2802 1533 2877 gemellam

202 2915 390 2985 protectores
419 2904 541 2983 proprie
565 2913 595 2962 et
622 2904 774 2963 domestici
800 2905 919 2981 proprie
947 2913 977 2961 et
1004 2922 1058 2979 pro
1087 2922 1146 2961 uno
1174 2905 1325 2961 consortio
1351 2902 1454 2960 haberi
1481 2920 1533 2978 po·

202 3016 327 3069 taerant
346 3016 377 3065 et
402 3023 458 3082 pro
478 3006 607 3065 duobus.
630 3037 669 3049 -
692 3006 880 3064 Protectores
902 3006 1025 3081 collapsa
1048 3022 1080 3064 se
1102 3005 1254 3081 appellant
1279 3004 1308 3061 in
1331 3003 1419 3062 titulo
1442 3020 1534 3080 supra

201 3131 231 3171 n.
248 3108 288 3167 29
310 3120 341 3167 et
365 3108 447 3185 apud
468 3106 659 3165 Ammianum
684 3108 733 3178 15,
749 3107 777 3179 3,
797 3106 843 3165 10.
871 3124 895 3164 c.
913 3106 941 3177 5,
959 3104 1007 3164 22.
1034 3106 1080 3177 18,
1097 3105 1126 3178 8,
1145 3107 1191 3165 ll.
1216 3139 1254 3148 -
1276 3106 1445 3164 Asinariam
1463 3124 1533 3181 pro-

202 3222 336 3273 tectorum
358 3209 493 3268 nominat
513 3208 618 3267 titulus
639 3228 668 3267 n.
684 3209 723 3265 44
745 3208 799 3285 (01.
816 3205 916 3266 Caner
937 3208 968 3265 in
990 3208 1045 3266 hac
1066 3207 1143 3284 Iiph.
1160 3206 1202 3264 lV
1226 3225 1254 3283 p.
1271 3206 1357 3282 430).

242 3312 293 3371 Ad
315 3319 548 3389 protectoratnm
570 3309 749 3387 pervenitur,
773 3318 805 3367 ut
826 3310 869 3367 ait
887 3309 1059 3368 constitutio
1071 3308 1275 3366 Valentiniani
1299 3305 1346 3383 (C.
1361 3307 1418 3365 Th.
1437 3309 1464 3378 6,
1481 3307 1530 3378 24,

202 3414 248 3491 3),
268 3415 362 3472 111111
382 3411 538 3481 itineribus,
560 3410 591 3469 id
613 3419 667 3482 est,
691 3422 723 3469 ut
743 3410 850 3468 ibidem
871 3409 1013 3479 innuitur,
1035 3416 1086 3467 ant
1108 3417 1230 3485 propter
1245 3408 1368 3467 emerita
1383 3409 1533 3485 stipendia

201 3526 255 3574 ant
278 3514 385 3574 farore
410 3512 585 3589 praesertim
611 3512 784 3569 nobilitatis.
828 3510 916 3569 Illam
944 3528 1066 3569 causam
1093 3509 1308 3569 Constantinus
1335 3511 1470 3569 enuntiat
1502 3513 1532 3569 in

200 3616 268 3693 legs
294 3635 324 3673 a.
345 3612 406 3673 328
432 3611 483 3689 (0.
499 3613 557 3672 Th.
574 3614 602 3686 7,
619 3612 668 3684 20,
685 3613 716 3688 5)
744 3629 912 3671 memorans
941 3621 1088 3670 veteranos
1114 3614 1288 3687 protectoria
1317 3613 1454 3686 diprtitate
1483 3630 1530 3670 aa·

201 3718 340 3787 11110101,
370 3725 402 3773 11
432 3714 543 3775 diserte
568 3711 765 3791 Symmachus
799 3732 845 3789 ep.
863 3715 891 3784 3,
914 3713 951 3771 67
982 3712 1115 3770 Firmum
1142 3712 1335 3770 domesticum
1362 3729 1448 3771 suam
1479 3716 1530 3769 mi-

199 3818 280 3879 litiae
315 3817 467 3895 1111110111
508 3834 571 3874 cam
605 3816 748 3874 honestata
787 3818 970 3891 persistentem
1012 3814 1222 3872 commendans
1266 3813 1362 3871 amico
1406 3814 1530 3888 lepitima

197 3923 332 3999 praemia
357 3917 590 3978 desiderantem:
624 3917 784 3974 huiusmodi
810 3919 915 3991 quippe
938 3918 1078 3975 veteranis
1106 3918 1313 3990 praeropativa
1337 3914 1467 3984 deletur,
1499 3923 1530 3970 at

199 4024 258 4081 illia
280 4030 472 4097 protectorum
492 4020 620 4094 dipsitas
641 4028 784 4094 tamquam
806 4021 931 4092 pretium
953 4017 1031 4092 loapi
1052 4018 1159 4074 laboris
1180 4017 1305 4074 accedat.
1348 4015 1420 4072 Alia
1441 4014 1529 4091 plura

198 4122 371 4201 composuit
393 4118 599 4180 Gothoiredus
619 4119 657 4177 ad
679 4116 713 4178 C.
730 4119 787 4177 Th.
806 4119 826 4176 l.
842 4137 867 4177 e.
911 4116 1003 4177 Certa
1024 4118 1163 4194 exempla
1183 4126 1213 4175 et
1235 4116 1397 4192 scriptores
1420 4134 1528 4192 sappe-

199 4225 297 4285 ditant
322 4232 354 4281 et
380 4221 467 4281 tituli.
510 4221 559 4280 Ita
580 4218 745 4280 Gratianus
772 4230 856 4295 pater
878 4219 1066 4294 imperatoris
1081 4217 1283 4277 Valentiniani
1309 4217 1386 4293 (nati
1408 4235 1433 4272 a.
1452 4216 1527 4292 321)

197 4336 281 4387 aaut
303 4324 389 4400 apud
403 4322 520 4383 Cibalae
540 4321 661 4398 19105111·
681 4324 769 4396 stirpe
787 4320 821 4378 05
836 4321 927 4379 validi
941 4325 1068 4395 corporis
1090 4321 1177 4379 robur
1195 4327 1264 4394 post
1278 4320 1441 4393 dipsitatem
1460 4335 1528 4392 pro-

198 4431 311 4489 tectoria
333 4433 420 4500 atque
441 4422 547 4481 1110001
566 4440 656 4481 comes
674 4424 804 4499 praescit
826 4425 868 4479 rei
889 4426 1024 4480 castrensi
1041 4439 1096 4497 per
1110 4421 1243 4495 Africam
1265 4419 1456 4493 (Ammianus
1478 4418 1527 4490 30,

200 4528 229 4599 7,
243 4528 273 4587 2.
289 4528 328 4597 33
355 4522 513 4583 11711101
533 4524 603 4599 epit.
624 4524 692 4597 45).
735 4523 810 4581 Item
841 4524 992 4581 Antonius
1021 4530 1200 4581 memoratus
1230 4520 1309 4596 apud
1335 4520 1526 4578 Ammianum

199 4629 262 4705 (18,
278 4630 311 4698 5,
329 4624 362 4702 1)
385 4623 422 4682 ad
444 4644 470 4681 a
488 4624 548 4683 359
570 4642 605 4683 es
624 4633 778 4682 mercatore
796 4625 928 4699 opulento
949 4627 1124 4682 rationarius
1139 4625 1291 4699 apparitor
1304 4621 1528 4696 Mesopotamiae

196 4732 292 4801 decia,
318 4738 388 4786 tuac
406 4725 585 4801 protestor1)
610 4725 697 4784 miles
719 4734 767 4783 eat
788 4746 826 4785 cx
847 4725 974 4782 daciano
996 4723 1033 4780 ad
1056 4732 1288 4801 protectoratnm
1310 4729 1447 4792 evectus,
1473 4741 1527 4779 nec

195 4832 319 4893 dubium
351 4836 398 4886 est
431 4847 449 4884 a
479 4827 738 4904 regeneratoribua
771 4826 888 4902 imperii
917 4825 1105 4883 Diocletiano
1132 4823 1370 4884 Constantinove
1402 4822 1527 4881 ducibus

233 5062 259 5125 ¹)
276 5061 341 5115 Non
361 5066 433 5110 recta
450 5059 578 5110 Uarinius
596 5059 655 5109 t'ser.
675 5055 737 5107 stt.
756 5072 781 5121 p.
796 5059 830 5106 10
850 5070 958 5120 eumque
983 5057 1063 5107 secuti
1082 5056 1127 5106 alii
1153 5056 1213 5106 hinc
1236 5055 1374 5106 effecerunt
1403 5070 1434 5105 eo
1464 5061 1526 5103 tcm-

140 5188 142 5193 ·
194 5168 257 5221 para
275 5153 374 5205 11111111
391 5150 598 5217 Mesopotamiae
616 5156 774 5215 protectores
792 5163 853 5199 auos
872 5147 999 5197 habuisse.
