3450 5828
206 492 321 541 tta-791
661 486 864 541 PROVINCIA
891 491 1080 541 anrlmna

509 776 635 835 XXlIb.
671 774 942 837 NARAGGARA
968 771 1090 852 (K'siba
1112 777 1227 852 Mran).

248 951 284 1009 In
306 951 446 1020 collibus,
476 951 527 1025 qui
550 971 568 1008 a
589 950 774 1024 Fedj·Mrau
796 952 930 1009 Arabum
952 967 1030 1026 pago
1052 948 1169 1009 dnobus
1192 952 1253 1008 iere
1276 951 1406 1010 chiliom.
1428 952 1537 1011 absunt

202 1054 436 1130 septentrionem
457 1068 572 1122 versus,
595 1053 694 1110 inveni
717 1053 825 1111 rudera
846 1052 993 1111 latissime
1016 1053 1149 1127 patentia
1172 1053 1270 1129 speeie
1292 1054 1457 1132 magnifica,
1481 1058 1536 1112 sci-

202 1157 271 1214 lieet
293 1156 508 1225 aedificiorum,
536 1172 612 1229 quae
635 1155 735 1211 omnia
757 1171 846 1229 opere
868 1153 1059 1229 quadratario
1082 1153 1298 1225 recreassent,
1325 1154 1431 1232 quibus
1458 1156 1535 1232 apud

202 1259 357 1334 indigenas
385 1275 492 1314 nomen
520 1265 567 1314 est
592 1250 697 1314 K'siba
723 1255 823 1315 Mrau.
875 1257 910 1314 In
936 1255 1013 1314 colle
1039 1262 1174 1314 extremo
1201 1257 1280 1315 areis
1307 1257 1447 1334 antiquae
1474 1278 1537 1316 cer·

200 1370 311 1418 nuntur
333 1359 476 1434 reliquiae
501 1369 530 1416 et
558 1358 710 1415 meridiem
738 1375 844 1416 versus
870 1357 937 1417 fons
965 1358 1065 1434 largus
1092 1357 1233 1417 scaturrit
1262 1376 1357 1434 aquae
1383 1359 1536 1435 potabilis.

201 1462 319 1519 Addam
342 1461 373 1518 in
396 1460 515 1519 collium
535 1459 621 1518 olivis
639 1460 922 1536 septentrionalibus
939 1478 986 1519 me
1000 1459 1171 1537 repperisse
1186 1461 1369 1538 necropolim
1384 1479 1534 1538 magnam.

200 1563 410 1634 Monumenta,
444 1581 569 1636 quorum
597 1568 709 1620 tantum
737 1562 835 1637 capita
862 1560 1032 1639 prominent
1061 1580 1099 1620 ex
1127 1561 1217 1620 humo
1246 1561 1328 1620 molli
1357 1581 1393 1622 ao
1421 1564 1535 1641 pingui,

200 1684 267 1723 oum
289 1664 384 1723 titulis
408 1663 563 1722 videantur
584 1683 699 1734 carere,
729 1663 936 1722 defunctorum
964 1662 1066 1739 figuris
1094 1671 1145 1721 aut
1173 1664 1325 1723 numinum
1354 1665 1534 1743 imaginibus

203 1768 305 1844 eisque
334 1785 472 1844 magnam
502 1775 617 1842 partem
649 1766 849 1824 monstruosis
880 1775 1026 1824 exornata
1056 1774 1125 1824 sunt
1150 1765 1212 1824 fere
1238 1767 1348 1826 omnia.
1403 1766 1535 1843 Lapides

203 1887 279 1944 quos
302 1869 401 1926 inveni
424 1868 518 1926 titulis
540 1868 703 1943 inscriptos
725 1879 777 1926 aut
797 1868 914 1926 Latinis
937 1877 989 1925 aut
1010 1867 1134 1926 Punicis
1157 1875 1208 1927 aut
1228 1866 1351 1944 Libyeis
1375 1870 1471 1927 cuncti
1493 1871 1536 1928 vi·

203 1971 310 2029 dentur
332 1971 479 2047 pertinere
503 1969 540 2026 ad
562 1969 686 2026 alteram
709 1969 889 2046 necropolirn
910 1971 941 2027 in
959 1968 1037 2027 olivo
1053 1969 1188 2028 orientali
1204 1977 1362 2046 patentem.
1401 1971 1534 2031 Tertiam

202 2091 326 2147 eamque
350 2072 541 2130 christianam
565 2072 658 2129 fuisse
680 2092 698 2129 a
717 2080 800 2145 parte
817 2070 1003 2129 meridionali
1019 2089 1056 2128 ex
1072 2089 1130 2129 uno
1146 2070 1347 2130 titulentur
1364 2091 1424 2131 non
1439 2074 1534 2133 ausim

203 2182 342 2232 statuere.
392 2173 458 2230 Hoc
481 2181 578 2232 autem
603 2174 669 2231 loeo
691 2173 784 2231 fuisse
810 2172 962 2247 antiquam
986 2170 1206 2250 Naraggaram‚
1236 2172 1274 2230 ad
1302 2157 1390 2249 quam
1417 2175 1534 2250 priores

202 2276 379 2335 rettulerunt
400 2274 508 2332 rudera
531 2277 567 2332 ab
591 2276 637 2333 his
661 2275 739 2332 haud
761 2276 803 2332 ita
826 2291 934 2352 magno
956 2273 1117 2333 intervallo
1140 2273 1288 2332 disiuncta
1303 2276 1455 2335 meridiem
1471 2296 1533 2336 ver-

203 2396 269 2448 sus,
299 2397 374 2452 quae
401 2386 470 2434 sunt
497 2378 535 2435 ad
558 2376 744 2451 Sidi-Yeiees
766 2376 818 2451 (=
842 2375 924 2435 Kear
942 2376 1067 2451 DJater)
1096 2376 1187 2434 multo
1215 2377 1344 2447 minore,
1371 2380 1439 2454 ipsa
1465 2379 1533 2437 reli·

202 2481 338 2555 quiarum
361 2479 445 2536 docet
467 2479 642 2554 amplitudo.
680 2478 766 2552 Quae
788 2478 824 2536 de
846 2479 902 2536 hoe
923 2478 1034 2554 oppido
1057 2478 1176 2536 aliunde
1191 2488 1261 2537 nota
1276 2491 1345 2538 sunt
1366 2481 1533 2558 composuit

202 2581 370 2640 Mommsen
394 2579 429 2639 0.
444 2599 473 2656 p.
487 2581 556 2639 468.

204 2752 273 2813 789
301 2749 411 2812 K'siba
431 2755 527 2813 Mrau.

724 2853 750 2893 Μ
782 2853 807 2893 Μ
840 2838 849 2895 l
883 2838 892 2893 l
930 2840 939 2895 l
973 2839 983 2896 l
1019 2841 1029 2896 l
1062 2840 1072 2895 l

726 2942 948 2997 laenam
1005 2953 1073 2996 os

724 3054 1072 3098 nrnrtnnour

721 3157 939 3210 pnocvto
975 3159 1072 3199 Flam

662 3264 673 3301 e
722 3245 921 3303 troarne
964 3260 1011 3301 ετ
1046 3261 1072 3301 Μ

202 3387 383 3461 Masqueray
407 3387 474 3442 batt
498 3389 532 3444 de
553 3406 626 3444 corr.
650 3388 733 3461 afric.
757 3385 887 3444 fase.VI
909 3404 936 3443 a.
955 3385 1032 3445 1883
1056 3405 1084 3462 p.
1102 3387 1173 3443 301.

243 3487 388 3564 Lapidem
413 3488 537 3544 fractum
560 3507 709 3547 essenon
732 3487 889 3546 indicatur.

203 3627 255 3638 μ..-

203 3716 275 3776 Ί90
302 3713 412 3776 K'siba
434 3718 520 3776 llrau
543 3719 572 3775 in
595 3718 673 3777 olivo
696 3716 899 3776 adorientem
922 3727 951 3775 et
973 3719 1206 3795 septentrionem
1229 3727 1376 3794 vergente.

627 3870 648 3910 υ
701 3870 794 3911 Με
931 3869 951 3909 r>
1015 3871 1041 3910 Μ
1115 3869 1129 3912 s

570 3971 847 4015 conuenta
899 3969 1176 4013 corneurvs

506 4073 845 4115 asservatur
899 4071 1175 4114 narrante

568 4157 844 4216 auxitan
898 4156 1174 4215 irrxrrnru

506 4276 659 4319 suis
707 4208 990 4358 txxrrrirurs
1037 4274 1176 4317 lxxxv

200 4365 365 4443 Descripsi.

242 4466 258 4524 2
282 4469 339 4545 leg.
355 4467 549 4544 Satur[n]inu,
572 4467 751 4544 Barip[d]al.

201 4721 264 4779 tet
294 4722 395 4781 tabula
417 4725 448 4781 in
469 4723 567 4782 rivulo
589 4724 689 4781 iaeens
713 4717 822 4779 K'siba
843 4721 929 4779 Mrau
952 4720 989 4778 ad
1012 4721 1098 4781 collis
1121 4723 1226 4799 pedem
1249 4721 1483 4782 meridionalem.

625 4875 666 4916 liic
693 4875 764 4915 tacet
792 4876 811 4915 ὸ.
838 4886 865 4915 m.
887 4872 1039 4917 ausonius

626 4977 796 5028 requiescit
833 4978 866 5016 in
899 4976 1011 5028 encas

626 5079 682 5120 uixit
697 5089 732 5120 aa.
743 5089 767 5131 p.
782 5090 809 5121 ru.
826 5104 832 5120 .
843 5105 849 5119 .
859 5076 1096 5122 .‹ret‘·v1·1n·0cr

195 5144 360 5220 Descripsi.
