3450 5828
279 493 325 562 10
713 507 986 562 aonrusunnra
1013 507 1095 560 voc.
1114 509 1158 560 111
1566 509 1596 559 15

275 681 324 741 21.
341 682 369 755 2,
384 685 413 756 4,
442 703 460 741 a
486 684 661 760 cognomine
687 684 872 743 substantive
897 690 1040 759 usurpato
1067 680 1184 753 decem,
1211 701 1230 740 a
1253 681 1428 760 cognomine
1454 680 1598 740 adiective

275 785 421 844 declinato
445 784 777 861 unal,191ustiuna),
799 803 866 844 cum
888 785 1020 861 reliquae
1042 794 1102 844 tres
1124 792 1153 842 et
1174 784 1277 861 viginti
1299 801 1462 861 cognomen
1484 783 1597 843 nullum

274 896 388 963 ponant
408 887 614 965 (appellantur
635 888 749 948 scilieet
769 895 829 946 tres
845 886 874 959 2,
891 888 919 946 8.
938 887 984 945 10.
1004 888 1041 945 17
1063 905 1082 944 a
1099 886 1249 964 gentilicio
1265 886 1381 945 adiecto
1395 886 1597 963 praenomine,

274 989 403 1048 sedecim
426 1009 444 1048 a
464 990 616 1067 gentilicio
638 989 837 1061 substantivo,
863 998 896 1048 ut
919 992 946 1061 l,
964 989 1000 1048 17
1026 987 1173 1060 Gavisidi,
1200 996 1340 1066 quattuor
1359 988 1397 1046 ab
1419 989 1523 1047 eodem
1547 989 1597 1047 ad·

272 1092 379 1150 iectire
399 1091 538 1165 formato,
566 1103 599 1151 ut
620 1091 648 1164 2,
665 1093 703 1150 25
729 1091 951 1168 θοοίεἰάίανιο),
977 1091 1085 1149 milites
1108 1109 1210 1150 omnes
1231 1110 1267 1151 eo
1289 1091 1452 1164 abstinent,
1479 1100 1512 1149 ut
1536 1109 1597 1167 quo

272 1202 404 1270 tempore
425 1193 474 1252 hic
495 1194 621 1253 militum
643 1179 801 1253 laterculus
824 1195 952 1271 scriptus
975 1194 1106 1252 estsine
1133 1194 1223 1252 dnbio
1253 1195 1385 1253 omnium
1411 1193 1463 1269 qni
1494 1201 1598 1252 extant

273 1295 514 1372 antiquissimus,
546 1297 730 1374 cognominis
757 1296 987 1374 adscriptionem
1014 1306 1157 1374 appareat
1187 1297 1217 1354 iu
1248 1316 1281 1354 re
1313 1296 1433 1354 militari
1465 1295 1595 1355 noudum

272 1398 401 1474 legitime
422 1407 573 1475 receptam
593 1399 696 1458 fuisse.
729 1397 809 1457 Nam
830 1417 896 1457 cum
918 1399 1108 1458 centuriones
1125 1417 1183 1458 nou
1198 1398 1286 1475 pauci
1301 1398 1332 1456 in
1346 1398 1487 1457 laterculo
1503 1399 1596 1456 nomi·

271 1500 333 1558 nati
354 1518 518 1578 cognomen
539 1502 698 1560 adsumant
719 1510 749 1561 et
768 1518 821 1560 eos
843 1519 968 1578 quoque,
991 1519 1117 1578 quorum
1131 1499 1279 1559 centuriae
1301 1519 1320 1558 a
1340 1500 1500 1577 gentiliciis
1522 1520 1596 1561 nuu-

272 1612 397 1681 cupatae
419 1603 617 1676 inveniuntur,
641 1603 800 1663 verisimile
823 1603 941 1663 sitnon
963 1621 1064 1663 omnes
1086 1603 1151 1661 sine
1167 1601 1341 1680 cognomine
1362 1601 1465 1675 fuisse,
1487 1603 1595 1662 milites

272 1705 309 1762 ad
332 1724 421 1764 uuum
444 1723 547 1764 omues
569 1725 605 1764 eo
627 1706 759 1764 caruisse
781 1724 885 1781 parum
907 1705 1047 1764 credibile
1069 1714 1125 1778 est,
1148 1704 1199 1763 sed
1217 1704 1338 1764 omniuo
1360 1704 1510 1777 credibile,
1533 1705 1595 1763 sive

271 1807 351 1883 quod
373 1807 517 1865 militares
535 1808 591 1865 viri
607 1807 766 1883 aliquando
788 1807 920 1884 legitimo
936 1807 1110 1885 cognomine
1124 1809 1264 1867 carebant
1279 1813 1380 1884 utpote
1402 1825 1498 1883 neque
1512 1808 1594 1866 uobi-

270 1908 316 1968 les
338 1926 433 1985 neque
453 1909 593 1983 libertini,
616 1910 679 1968 sire
701 1910 780 1986 quod
801 1910 951 1987 plerisque
973 1930 1005 1968 re
1027 1918 1089 1968 tum
1110 1909 1226 1981 deerat,
1249 1912 1386 1986 Augusto
1409 1908 1543 1987 principe
1563 1910 1595 1967 in

271 2010 420 2070 laterculis
442 2011 567 2070 militum
590 2030 754 2090 cognomen
776 2013 906 2071 nondum
928 2013 1057 2071 adscribi
1080 2013 1201 2071 solitum
1222 2029 1296 2071 esse.
1319 2044 1361 2054 —
1382 2011 1418 2069 Iu
1435 2010 1596 2089 gentilitiis

271 2123 370 2172 autern
391 2132 451 2172 nou
473 2114 569 2172 solnm
590 2114 705 2173 nullum
731 2114 880 2174 invenitur
905 2116 1116 2193 imperatorum
1138 2115 1274 2191 Augusto
1300 2114 1514 2190 posteriorum,
1542 2112 1595 2172 sed

271 2211 307 2274 Ο.
334 2215 430 2274 lulius
456 2233 574 2292 quoque
601 2236 679 2275 unus
709 2217 790 2275 solus
818 2216 862 2292 (1,
883 2215 946 2293 24).
1001 2217 1121 2292 Itaque,
1153 2235 1219 2275 cum
1251 2215 1428 2291 praesertim
1460 2214 1595 2291 plerique

271 2321 378 2380 horum
399 2320 629 2398 legionariorum
651 2327 772 2396 propter
793 2319 929 2378 militiam
951 2318 1070 2377 civitate
1092 2319 1195 2378 donati
1216 2335 1284 2378 esse
1299 2317 1463 2388 rideantur,
1484 2316 1594 2393 quade

269 2442 303 2482 re
324 2430 431 2500 postea
451 2423 577 2493 dicetur,
605 2438 676 2480 usus
702 2421 844 2498 gentilicii
870 2440 889 2479 a
913 2420 1043 2479 civitatis
1069 2421 1213 2480 donatore
1242 2418 1397 2479 derivandi
1422 2429 1498 2489 tum,
1527 2437 1594 2478 cum

270 2524 431 2585 laterculus
453 2524 549 2583 factus
571 2532 632 2596 est,
658 2523 789 2582 nondum
815 2524 859 2581 ita
879 2523 1004 2581 invaluit
1025 2531 1058 2582 nt
1079 2532 1186 2600 postea
1206 2539 1262 2580 usu
1282 2523 1372 2580 venit.
1414 2521 1520 2598 Neque
1542 2521 1595 2579 ab·

269 2627 371 2686 horret
396 2628 433 2686 ab
458 2627 588 2703 Augusti
610 2626 794 2703 temporibus
819 2624 929 2683 Iulium
951 2643 1058 2685 nomen
1084 2624 1350 2701 comprincipibus
1375 2624 1448 2683 viris
1475 2624 1595 2683 civitate

268 2728 387 2788 donatis
410 2748 464 2805 pro
487 2728 630 2787 beneficio
656 2738 687 2787 et
711 2729 825 2786 honore
850 2744 1024 2786 concessum
1050 2744 1116 2786 esse
1127 2726 1170 2802 ¹),
1198 2725 1323 2804 plebeiis
1350 2746 1387 2785 ex
1415 2725 1593 2785 necessitate

268 2831 396 2907 quadam
419 2831 620 2891 inuisitatem
643 2830 783 2889 admissis
805 2829 991 2908 denegatum.

311 2932 419 3010 Operis
442 2934 520 3010 quod
543 2933 652 2993 milites
673 2933 722 2992 bic
743 2934 909 2992 enumerati
930 2933 1062 2992 iecerunt
1079 2932 1243 2990 enuntiatio
1259 2931 1314 2991 etsi
1329 2932 1397 3009 ipsa
1411 2948 1477 2990 cunr
1493 2931 1594 2990 tabula

267 3035 364 3112 prima
384 3036 481 3112 periit,
505 3056 543 3094 ex
566 3037 786 3111 subscriptione
808 3036 844 3094 de
863 3036 953 3094 laccis
967 3034 1054 3094 iactis
1069 3034 1107 3091 ad
1123 3034 1292 3110 Apollonos
1308 3033 1481 3110 hydreuma,
1504 3033 1593 3094 Com-

268 3139 349 3213 pasi,
384 3137 574 3210 berenicide,
608 3136 793 3213 Myoshormi
820 3137 907 3195 facile
934 3136 1102 3214 suppletnr3
1129 3136 1297 3213 sufficitque
1322 3137 1372 3195 bic
1397 3154 1515 3213 quoque
1541 3135 1594 3195 ad·

269 3240 397 3298 scribere
420 3258 495 3315 quae
518 3239 700 3317 respondent
721 3238 800 3314 apud
821 3247 974 3309 auctores,
1000 3239 1175 3315 praesertim
1198 3236 1383 3298 Strabonem.
1428 3233 1594 3306 Ἐντεῦθεν,

268 3342 310 3400 ait
329 3341 378 3400 hic
402 3341 450 3413 17,
468 3343 495 3413 1,
510 3343 549 3401 45
565 3362 593 3419 p.
607 3341 667 3400 815
698 3340 750 3416 (cf.
771 3361 801 3418 p.
819 3340 887 3398 781.
905 3339 992 3414 782),
1015 3359 1034 3397 a
1056 3337 1153 3418 Copto
1176 3340 1302 3414 scilicet,
1328 3329 1402 3398 ἐστὶν
1424 3335 1533 3410 irs-Sais
1553 3339 1593 3403 ιῖς

267 3437 317 3515 raia
336 3436 480 3525 Ἐρυθρὰν
501 3435 577 3499 κατὰ
600 3432 681 3499 πᾶὶιν
702 3435 844 3525 Βερενίκην
865 3433 1053 3517 ...λὲγεται
1085 3436 1116 3498 δ’
1139 3439 1152 3498 ὅ
1174 3433 1357 3518 Φιλάδελφος
1376 3445 1486 3526 πρῶτος
1507 3464 1591 3526 crpor-

268 3535 375 3620 τοπίδῳ
397 3545 487 3610 τεμεῖν
509 3539 559 3609 τνῖν
581 3538 646 3600 ὁδὸν
668 3533 773 3612 ταύτην
794 3529 913 3624 ἄνυδρον
939 3534 1027 3600 οὖσαν
1054 3534 1102 3601 καὶ
1130 3535 1350 3602 κατασκευάσαι
1376 3535 1591 3609 σταθμούς...

267 3637 359 3723 ἐφάνη
383 3640 416 3717 δὴ
439 3648 474 3724 τῇ
499 3637 580 3727 πεῖρᾳ
607 3640 680 3702 πολι)
707 3640 738 3702 ra*
766 3636 917 3728 χρῆτιμον,
942 3635 988 3702 ani
1013 3646 1061 3704 νῦν
1087 3643 1100 3702 ὅ
1127 3639 1244 3706 ’tubunis
1269 3636 1373 3730 ‹pn'pros
1403 3637 1481 3707 ἅπας
1507 3637 1555 3704 nal
1576 3645 1591 3705 d

263 3739 407 3830 Ἀράβιος
427 3738 474 3804 καὶ
496 3748 547 3805 τοῦ
567 3744 741 3807 Αἰθιοπικοῦ
765 3741 778 3803 d
800 3749 841 3824 spi
859 3738 987 3830 Ἀραβίῳ
1013 3738 1112 3824 κᾶλιτῳ
1141 3739 1393 3819 κατοκομιζὸμενος
1418 3746 1458 3810 εἷς
1478 3739 1591 3806 Κὸπτον

268 3840 392 3931 φέρεται,
414 3838 461 3906 uui
482 3843 562 3906 τοῦτ’
586 3838 661 3906 ἕττιν
683 3839 809 3929 ἕμποριον
831 3850 885 3906 τοῖν
907 3840 1036 3908 τοιούτοιν
1050 3845 1183 3933 φορτίων·
1200 3845 1251 3907 οοίι
1265 3837 1389 3907 ἄπωθεν
1405 3838 1435 3906 δὲ
1451 3851 1500 3921 τῆς
1513 3855 1591 3934 Bepa-

268 3945 343 4022 νίκης
364 3942 423 4009 ἔπι
440 3945 521 4012 mods
541 3943 623 4034 ipsese
645 3945 726 4012 πόὶις
747 3944 864 4028 ἔχοντα
885 3944 915 4007 sd
938 3942 1127 4021 ναύσταθμον
1148 3953 1203 4008 τοῖν
1225 3942 1408 4022 πλοϊζομέννιν
1424 3996 1431 4010 .
1447 3994 1480 4011 ..
1502 3954 1551 4009 νῦν
1572 3951 1589 4024 ἦ

267 4045 380 4115 Κὸπτος
401 4043 448 4111 uni
471 4047 581 4115 ὅΜυδς
603 4045 684 4133 ὅρμος
705 4045 852 4120 εὐδοκιμοῖ,
873 4042 920 4109 uui
941 4055 1064 4136 ’χρῶνται
1083 4056 1141 4114 τοῖς
1154 4045 1249 4114 τόποις
1263 4044 1384 4113 τιν’τοις·
1399 4045 1529 4138 προτερον
1543 4044 1590 4123 aiv

269 4144 315 4213 οὖν
338 4198 368 4213 ..
386 4198 393 4213 .
410 4154 434 4212 οἱ
454 4143 658 4236 κοιμηὶιέμιτοροι
681 4197 688 4212 .
706 4144 866 4237 .καθα’περ
889 4153 911 4210 οἱ
934 4147 1064 4218 πλεόντις
1077 4147 1180 4213 ὥδευον
1194 4146 1352 4226 κομίζοντες
1364 4147 1412 4214 καὶ
1426 4146 1512 4239 ὕδωρ,
1533 4147 1591 4213 νυνὶ

267 4284 471 4293 ———-

328 4355 351 4418 ¹)
372 4355 449 4417 Quod
467 4358 503 4406 ait
522 4357 574 4406 Dio
595 4360 639 4418 (30,
654 4360 686 4408 17
709 4358 817 4408 Claudio
837 4358 906 4408 laudi
926 4358 1014 4409 datum
1033 4373 1103 4421 esse,
1123 4361 1192 4426 quod
1211 4376 1262 4411 non
1283 4370 1476 4426 persequeretur
1495 4362 1538 4426 qui
1557 4361 1590 4410 ab

268 4450 324 4514 ipso
344 4448 448 4497 civitate
469 4449 557 4499 donati
577 4449 687 4500 Claudio
705 4452 810 4501 nominc
835 4451 872 4500 uti
891 4451 1001 4510 nollent,
1032 4467 1089 4501 cum
1112 4453 1140 4502 id
1163 4467 1266 4503 necesse
1289 4461 1369 4514 esset,
1398 4468 1450 4502 nou
1473 4453 1590 4518 impedit,

268 4541 404 4606 quominus
423 4540 450 4590 id
469 4542 620 4606 pertinuerit
638 4543 670 4591 ud
691 4543 817 4593 civitatem
837 4543 931 4592 viritim
951 4544 1038 4592 datam
1056 4559 1138 4609 neque
1158 4560 1218 4594 vero
1237 4546 1271 4595 ad
1288 4546 1327 4594 ius
1341 4545 1450 4594 civitatis
1464 4545 1590 4596 tironibus

267 4639 373 4698 propter
392 4633 510 4682 militiam
530 4634 696 4698 legionariam
717 4635 851 4697 tributum,
877 4643 902 4684 et
927 4635 1032 4685 omniuo
1051 4635 1093 4685 hie
1111 4638 1192 4701 magis
1211 4638 1294 4702 agitur
1318 4637 1350 4686 de
1369 4638 1463 4687 iniuria
1481 4638 1589 4704 principi

266 4726 335 4774 facta
354 4739 431 4789 quam
451 4725 483 4774 de
501 4725 557 4791 lege
576 4726 662 4790 aliqua
681 4727 783 4776 violatu.
815 4728 908 4776 Aetate
927 4734 995 4777 certe
1012 4727 1109 4778 liberae
1121 4730 1158 4779 rei
1172 4730 1289 4794 publicae
1302 4730 1425 4794 gentilicii
1438 4729 1588 4779 electionem

267 4834 319 4867 non
338 4817 393 4866 inre
414 4816 611 4866 determinatam
630 4817 719 4877 inisse,
745 4817 790 4866 sed
810 4817 842 4867 sb
862 4819 969 4871 arbitrio
988 4821 1048 4869 novi
1068 4821 1131 4871 ciris
1149 4822 1313 4886 pependisse,
1339 4835 1447 4886 eumque
1467 4836 1542 4886 saepe
1562 4822 1589 4871 id

267 4910 438 4973 desumpsisse
458 4925 511 4959 uon
530 4909 561 4958 ab
581 4924 621 4970 eo,
641 4911 683 4974 qni
704 4911 821 4971 donarat,
841 4911 885 4960 sed
905 4912 936 4961 ab
957 4926 987 4962 eo
1008 4913 1051 4976 qui
1068 4919 1096 4962 ut
1108 4914 1247 4964 donaretur
1259 4914 1308 4963 sibi
1321 4914 1478 4977 impetrarat,
1498 4914 1589 4964 Cicero

266 5001 338 5051 testis
357 5007 395 5050 est
414 5002 485 5061 (fam.
502 5002 543 5060 13,
560 4999 615 5061 36).
654 5002 682 5053 Si
702 5017 789 5051 verum
808 5003 840 5051 ad
861 5001 971 5053 litteram
991 5005 1088 5054 rettulit
1100 5005 1153 5055 Dio
1172 5013 1198 5055 et
1216 5005 1360 5056 Claudiana
1379 5013 1463 5055 aetate
1482 5007 1537 5071 lege
1556 5008 1588 5056 de

267 5109 299 5144 ea
317 5108 345 5143 re
365 5100 466 5142 cantum
485 5093 542 5154 init,
563 5108 619 5142 eam
639 5093 720 5158 legem
741 5109 844 5144 necesse
863 5102 902 5144 est
915 5097 1023 5162 Augusti
1043 5104 1126 5147 aetate
1145 5098 1258 5148 nondum
1278 5097 1417 5148 obtinuisse
1434 5104 1460 5148 et
1474 5097 1588 5165 coptite-

267 5200 314 5236 nas
334 5185 433 5236 tabulas
452 5194 511 5235 aute
530 5187 610 5237 latam
629 5201 686 5236 eam
705 5187 813 5252 scriptas
832 5202 897 5243 esse.
