3450 5828
272 449 344 521 656
601 468 846 521 Patvmaownr
872 468 1033 519 nrmrvm
1060 467 1270 518 axrasrvu.

271 653 332 702 tere
355 642 478 715 videtur,
502 660 561 700 non
584 645 641 701 erit
662 645 714 719 qui
738 643 862 721 cogitet)
885 650 914 701 et
936 643 1093 702 confirmat
1113 642 1277 701 laterculus
1299 641 1465 701 caletorum
1488 640 1617 718 pontifi-

271 766 338 805 cum
360 755 391 803 et
412 744 563 803 flaminum
586 750 656 802 anni
682 745 739 804 102
764 743 880 820 (QVI,
897 745 987 804 2184.
1005 744 1110 820 2185).
1143 743 1222 804 Nam
1245 761 1311 802 cum
1334 751 1453 803 constet
1467 743 1617 802 Priscum

273 867 309 907 eo
332 858 464 922 tempore
492 856 521 904 et
543 847 657 905 vixisse
684 857 713 906 et
738 848 832 906 fuisse
859 848 1045 924 pontificem,
1074 847 1223 905 celatores
1246 854 1345 905 autem
1366 846 1460 905 lectos
1483 863 1557 904 esse
1580 865 1620 903 ex

274 949 463 1009 sacerdotum
490 949 621 1020 libertis,
655 951 707 1025 qui
735 950 764 1008 in
792 950 935 1008 laterculo
962 950 1016 1007 illo
1043 957 1214 1008 recensetur
1240 947 1277 1008 L.
1300 948 1455 1007 Iauolenus
1484 948 1619 1006 Phoebus

273 1069 394 1111 necesse
421 1060 468 1110 est
490 1052 692 1109 manumissus
716 1054 755 1110 sit
776 1071 794 1108 a
816 1052 889 1109 iuris
912 1060 1033 1109 auctore
1055 1050 1161 1110 Prisco
1187 1062 1217 1109 et
1242 1069 1423 1128 praenomen
1447 1070 1467 1107 a
1489 1050 1618 1108 domino

275 1154 408 1212 traxerit.
452 1154 551 1211 Etiam
580 1154 608 1211 in
632 1154 726 1212 titulis
749 1154 957 1212 lavolenorum
981 1153 1120 1224 urbanis,
1149 1153 1200 1229 qui
1227 1152 1384 1229 compositi
1412 1160 1485 1210 sunt
1506 1150 1545 1210 O.
1559 1150 1617 1221 VI,

277 1253 537 1326 19663-19668,
566 1274 746 1330 praenomen
767 1255 853 1314 Lucii
876 1263 991 1332 quater,
1014 1254 1097 1312 aliud
1120 1263 1220 1313 autem
1241 1255 1357 1314 nullum
1378 1254 1546 1331 reperitur;
1575 1254 1618 1310 ri-

273 1357 438 1433 deaturque
461 1357 598 1415 homines
621 1358 664 1414 illi
687 1374 791 1416 omues
813 1359 964 1432 pertinere
985 1357 1024 1414 ad
1040 1356 1139 1415 Prisci
1155 1357 1250 1415 nostri
1273 1355 1418 1415 familiam
1434 1355 1515 1414 unici
1532 1355 1566 1413 in
1581 1374 1618 1413 ea

274 1467 361 1537 gente
384 1459 536 1535 conspicui
553 1459 617 1516 viri.
652 1461 695 1517 nt
717 1461 747 1517 in
768 1460 835 1518 basi
851 1457 1019 1518 Nadinensi
1042 1477 1108 1516 eum
1126 1455 1237 1517 Gaium
1259 1457 1404 1535 appellari
1423 1457 1477 1515 vix
1498 1457 1619 1516 videtur

275 1579 363 1636 posse
386 1560 416 1617 in
439 1559 561 1619 dubium
578 1562 693 1632 vocari3
716 1561 814 1620 minus
837 1561 966 1620 fortasse
986 1560 1118 1620 offendet
1138 1559 1316 1631 coniectura,
1339 1574 1412 1617 sane
1434 1559 1568 1617 molesta
1589 1567 1618 1616 et

275 1664 351 1740 ipsa,
374 1662 432 1721 duo
448 1663 644 1737 praenomina
658 1662 794 1722 Priscum
811 1663 953 1723 habuisse
969 1680 1129 1738 eorumque
1144 1662 1270 1720 alterum
1288 1661 1319 1719 in
1333 1660 1400 1719 basi
1422 1658 1476 1718 illa
1497 1672 1617 1736 praete-

275 1765 364 1823 ritum
385 1781 461 1822 esse.
499 1763 686 1821 Honoratum
703 1763 813 1823 Nadini
831 1766 989 1840 quominus
1005 1772 1172 1823 statuamus
1187 1762 1307 1820 differre
1329 1762 1367 1819 ab
1382 1769 1506 1820 auctore
1529 1762 1618 1832 iuris,

276 1867 398 1924 obstant
420 1875 481 1924 tres
503 1866 695 1941 magistratus
719 1864 899 1925 Germaniae
922 1863 1029 1943 Syriae
1052 1865 1182 1937 Africae,
1210 1882 1288 1940 quus
1310 1873 1340 1922 et
1361 1863 1435 1922 iuris
1459 1871 1617 1923 auctorem

278 1968 413 2044 gessisse
435 1968 571 2026 norimus
597 1976 627 2025 ct
649 1968 731 2026 basis
753 1968 896 2026 enuntiat.

320 2070 483 2128 Praeterea
504 2088 571 2128 cum
597 2070 656 2128 iam
681 2078 798 2129 constet
820 2069 957 2128 Priscum
983 2069 1100 2128 iuridici
1128 2069 1228 2129 officio
1255 2069 1386 2127 functum
1412 2083 1482 2126 esse
1509 2066 1618 2143 primis

279 2171 365 2230 annis
381 2171 451 2248 imp.
466 2171 642 2242 Domitiani,
665 2172 867 2245 confirmatur,
889 2171 971 2248 quod
987 2171 1057 2230 alibi
1073 2172 1191 2231 defendi
1215 2171 1317 2247 (huius
1333 2170 1409 2246 Eph.
1422 2168 1468 2227 IV
1483 2189 1513 2246 p.
1529 2168 1618 2244 225),

279 2272 420 2332 iuridicos
442 2274 598 2333 institutos
621 2292 688 2334 esse
711 2293 770 2333 non
793 2275 830 2333 ab
852 2273 1017 2345 Hadriano,
1042 2274 1094 2332 sed
1117 2275 1154 2333 ab
1177 2273 1243 2351 ipso
1266 2273 1416 2350 Augusto.

323 2375 369 2434 De
392 2376 564 2434 consulibus
588 2376 739 2435 sufficiunt
760 2396 837 2452 quae
854 2376 1003 2454 disputavi
1025 2395 1118 2453 supra
1138 2394 1166 2450 p.
1184 2375 1243 2434 616
1267 2376 1377 2432 latente
1394 2372 1552 2432 etiamtum
1578 2383 1619 2432 ta·

280 2478 360 2536 bella
382 2479 494 2553 priore;
521 2478 578 2552 hoc
601 2479 698 2537 solum
722 2478 888 2537 addendum
911 2488 957 2538 est
979 2478 1048 2536 anni
1071 2477 1111 2536 90
1133 2477 1275 2536 suffectos
1297 2477 1373 2534 alios
1396 2475 1495 2533 adhuc
1516 2475 1620 2534 nullos

281 2581 456 2640 innotuisse.

322 2681 423 2739 Locus
446 2683 526 2740 fixae
549 2682 624 2760 legis
646 2683 672 2741 is
688 2691 743 2754 est,
766 2702 852 2758 quern
869 2683 966 2741 adhuc
982 2698 1123 2741 notamus
1138 2681 1277 2757 usurpari
1292 2688 1430 2758 coeptum
1449 2698 1518 2739 esse
1543 2681 1621 2740 inter

281 2803 307 2842 a.
325 2783 363 2842 86
386 2794 416 2841 et
438 2784 475 2841 93
500 2794 529 2841 et
551 2785 691 2859 deinceps
714 2785 871 2843 mansisse.
916 2785 979 2842 Iam
1001 2785 1057 2841 hac
1079 2784 1145 2860 lege
1171 2783 1291 2861 prolata
1312 2782 1458 2842 restrictis
1481 2784 1622 2842 terminia

281 2885 550 2967 illisointellegitur
572 2905 637 2943 eam
660 2887 904 2946 consuetudinem
926 2887 1024 2963 legum
1046 2886 1222 2945 decivitate
1243 2883 1430 2961 figendorum
1453 2884 1493 2943 ad
1507 2884 1622 2943 Miner·

282 3007 349 3046 vam
372 2989 509 3066 coepisse
529 2989 606 3048 inter
628 3009 655 3047 a.
672 2989 710 3048 86
734 2998 763 3046 et
786 2989 834 3047 90.

1275 3142 1334 3202 Tu.
1358 3142 1536 3203 Monens.
