3450 5828
765 497 947 551 MOMMSEN

550 867 700 925 XXXVI.
744 865 932 927 EVOCATI
960 867 1155 927 AVGVSTI.

232 1022 279 1081 De
301 1023 521 1098 protectoribus
545 1023 594 1099 qui
617 1023 763 1100 disputat,
790 1024 970 1100 cogitatione
994 1042 1115 1083 necesse
1140 1035 1186 1083 est
1212 1032 1358 1103 perpetuo
1386 1032 1523 1083 recurrat

190 1124 229 1180 ad
251 1131 406 1194 evocatos3
433 1132 615 1199 protectores
638 1126 715 1182 euim
738 1136 768 1182 et
789 1128 903 1184 evocati
926 1127 981 1184 etsi
1004 1125 1087 1185 nullo
1110 1126 1199 1184 modo
1225 1145 1257 1184 re
1279 1126 1430 1186 coniuncti
1452 1136 1523 1185 sunt

191 1244 246 1283 uec
268 1228 364 1284 minus
391 1225 501 1284 diversi
529 1244 619 1301 quam
643 1228 798 1303 Augustus
824 1227 981 1285 dissimilis
1003 1225 1207 1300 Constantini,
1235 1227 1330 1286 nihilo
1356 1228 1457 1287 miuus
1485 1245 1522 1284 eo

192 1328 310 1385 nomine
335 1336 415 1384 reete
442 1328 707 1401 comparabuntur,
736 1328 814 1402 quod
838 1330 956 1403 utrique
985 1329 1074 1387 medii
1095 1336 1167 1388 sunt
1186 1329 1262 1387 inter
1288 1328 1426 1387 militiam
1452 1346 1523 1405 gre-

192 1429 288 1503 galem
322 1437 351 1485 et
379 1428 516 1486 ducatum
551 1436 580 1486 et
612 1431 654 1486 ita
684 1430 789 1499 medii,
823 1438 856 1487 ut
887 1440 947 1487 tam
973 1431 1088 1489 evocati
1118 1448 1208 1506 qnam
1241 1437 1427 1507 protectores
1460 1447 1521 1488 non

192 1539 252 1585 tam
285 1542 367 1586 certa
398 1548 521 1586 munera
553 1531 679 1588 subeant
711 1548 799 1604 quam
832 1533 916 1590 iussa
947 1532 1091 1609 principis
1124 1550 1328 1608 quaecumque
1362 1540 1434 1590 sunt
1465 1548 1522 1607 pro

192 1650 224 1687 re
251 1637 445 1705 exequantur.
489 1631 538 1688 Ita
565 1649 623 1687 non
650 1631 749 1706 inepto
774 1632 819 1689 illi
847 1633 1090 1691 commentariolo
1117 1634 1344 1693 observationes
1371 1631 1523 1709 quaedam

192 1732 388 1807 adiungentur
410 1731 446 1788 de
468 1733 600 1789 evocatis
624 1733 762 1807 Augusti.
807 1731 865 1792 Sed
888 1752 953 1791 cum
980 1734 1016 1793 de
1042 1734 1259 1808 protectoribus
1284 1744 1356 1810 post
1376 1733 1523 1791 Iacobum

194 1832 412 1891 Gotlrosredum
439 1851 525 1891 nemo
551 1833 652 1909 paullo
676 1833 846 1910 diligentius
868 1834 1053 1906 disseruerit,
1083 1836 1119 1893 de
1141 1835 1272 1894 evocatis
1298 1842 1397 1893 autem
1424 1852 1524 1910 nuper

194 1934 263 1991 data
284 1952 375 2008 opera
396 1935 427 1991 iu
450 1934 636 2010 ephemeride
651 1933 765 1992 Herma
787 1936 845 1992 vol.
864 1936 901 1992 14
923 1934 1034 2010 (1879)
1058 1954 1085 2010 p.
1103 1936 1159 1994 321
1179 1954 1240 2012 seq.
1258 1936 1351 2015 egerit
1368 1935 1524 1994 Iohannes

194 2033 329 2094 Schmidt
350 2043 460 2104 noster,
483 2036 560 2093 hunc
575 2037 674 2093 locum
690 2035 811 2093 diversa
825 2038 941 2093 ratione
957 2037 1160 2095 tractabimus.
1194 2037 1226 2096 Is
1241 2037 1400 2095 enimcum
1421 2036 1525 2111 plera·

193 2155 250 2211 que
272 2136 365 2210 perite
387 2145 417 2193 et
439 2137 595 2212 diligenter
616 2137 795 2212 explanarit,
818 2137 892 2194 satis
915 2137 1031 2194 habebo
1052 2157 1210 2213 exponere,
1233 2139 1260 2196 si
1282 2138 1353 2213 quid
1375 2137 1449 2197 mihi
1473 2138 1526 2196 de·

193 2238 281 2295 licere
297 2238 393 2294 visum
413 2247 461 2295 est
476 2237 521 2294 vel
544 2238 628 2295 aliter
650 2255 683 2294 se
705 2238 823 2307 habere,
845 2238 875 2294 in
897 2238 1046 2314 plerisque
1069 2239 1107 2296 ad
1129 2258 1196 2297 eum
1217 2240 1381 2297 remittens.
1414 2236 1526 2297 Later·

194 2339 290 2396 culum
317 2346 505 2395 evocatorum
529 2336 712 2398 Schmidtius
739 2358 799 2396 uon
825 2339 946 2410 adiecit,
976 2340 1029 2398 sed
1053 2359 1129 2417 quae
1157 2341 1326 2416 composuit
1351 2338 1527 2417 adsumptis

195 2440 232 2498 iis
255 2458 331 2515 quae
353 2438 525 2515 singillatim
548 2440 627 2498 insra
648 2440 867 2498 adnotabuntur
889 2460 943 2515 pro
965 2461 997 2499 re
1019 2442 1153 2500 sufficere
1174 2442 1321 2500 videntur.

237 2541 436 2599 Evocatorum
459 2541 593 2598 condicio
615 2560 690 2615 quae
712 2542 768 2599 fuit
789 2549 858 2598 ante
874 2543 1042 2617 Augustum
1065 2561 1131 2600 cum
1155 2543 1247 2601 titulis
1270 2560 1376 2618 parum
1392 2540 1527 2601 illustre·

196 2642 297 2717 tur¹),
325 2650 387 2699 tota
413 2643 566 2716 praeteriri
592 2660 650 2699 nou
680 2652 792 2716 potest,
819 2645 959 2718 quoniam
986 2645 1013 2702 si
1039 2645 1112 2719 quid
1133 2645 1221 2703 video
1244 2642 1430 2704 Schmidtius
1457 2660 1528 2701 eam

196 2761 255 2801 uon
282 2752 360 2801 recte
381 2742 516 2800 definivit
540 2752 569 2800 et
594 2743 637 2799 ita
659 2743 785 2801 instituti
807 2743 998 2802 fundamenta
1019 2746 1169 2819 pervertit
1213 2743 1362 2803 Nimirum
1387 2743 1450 2802 tria
1474 2762 1531 2820 ge·

197 2863 268 2901 uera
290 2845 409 2901 militiae
424 2862 499 2918 quae
516 2845 627 2919 antiqui
643 2856 778 2902 auctores
800 2844 892 2902 luisse
907 2846 1037 2916 tradunt,
1060 2854 1277 2905 sacramentam
1291 2844 1439 2905 tumultus
1454 2862 1531 2904 evo·

196 2944 313 3020 catice)
336 2946 446 3004 rectius
467 2946 635 3021 redigentur
657 2947 695 3003 ad
717 2946 794 3017 duo,
821 2947 956 3005 militiam
979 2947 1092 3005 scilicet
1112 2947 1273 3024 legitimam
1294 2947 1378 3005 iussu
1398 2945 1532 3023 publico

196 3056 364 3122 susceptam
398 3060 428 3104 et
460 3056 628 3121 susceptam
663 3056 768 3121 sponte
802 3048 867 3104 eius
900 3048 950 3123 qui
984 3048 1100 3106 militat.
1149 3047 1294 3124 Legitima
1321 3048 1358 3106 ad
1385 3046 1532 3105 militiam

197 3148 277 3205 cives
299 3156 444 3205 vocantur
465 3159 517 3205 aut
537 3147 661 3219 dilectu,
690 3166 750 3222 quo
778 3157 963 3205 sacramento
989 3144 1188 3226 rogantur⁸),
1215 3158 1266 3207 aut
1291 3148 1440 3221 tumultu,
1465 3166 1533 3223 quo

197 3248 362 3306 coniuratio
384 3250 431 3318 iit3
454 3248 593 3306 differunt
614 3257 711 3306 auteur
735 3250 792 3307 dno
814 3267 924 3324 genera
946 3268 991 3321 eo,
1013 3251 1094 3325 quod
1115 3251 1202 3309 miles
1220 3251 1319 3309 faetus
1334 3258 1533 3309 sacramento

256 3408 279 3468 ¹)
298 3409 403 3471 Spectat
421 3407 455 3456 ad
474 3421 518 3455 eos
538 3422 569 3455 ex
590 3408 669 3455 titulis
689 3422 753 3470 quos
770 3405 901 3467 habemus,
921 3416 1022 3471 praeter
1034 3414 1123 3457 notum
1137 3407 1296 3473 Campanum
1309 3408 1346 3468 X,
1360 3406 1433 3457 3886
1446 3406 1533 3472 legle-

197 3502 264 3550 nanii
284 3500 432 3550 Caesariani
452 3497 568 3563 lemicae)
588 3495 641 3548 ΠΙ
658 3499 766 3557 euocati,
787 3499 973 3548 Mintumeusis
992 3500 1031 3559 X,
1052 3501 1135 3548 6011:
1161 3494 1192 3556 Q.
1206 3496 1352 3549 Ancharius
1374 3495 1402 3549 G.
1419 3496 1446 3561 j.
1468 3494 1532 3549 Pet.

197 3589 412 3653 Narbone(u)s(is)
432 3607 505 3656 eques
523 3597 639 3639 euocatus
658 3606 746 3638 aanor.
767 3597 819 3637 unt.
833 3586 936 3638 XXIII
952 3589 996 3639 ula
1015 3588 1139 3650 Scaeuae,
1163 3591 1233 3639 nullo
1252 3590 1331 3640 modo
1356 3591 1379 3639 is
1397 3588 1532 3654 aptandus

198 3683 232 3734 ad
251 3690 371 3734 euocatos
389 3684 519 3732 institutos
538 3683 569 3730 ab
589 3685 721 3743 Augusto,
748 3681 918 3730 Caesarianus
937 3682 1010 3731 miles
1028 3682 1138 3730 sortasse
1162 3690 1188 3730 et
1206 3684 1260 3746 ipss
1284 3681 1327 3743 (ci.
1347 3681 1374 3730 b.
1387 3680 1421 3731 G.
1436 3679 1462 3741 3,
1478 3680 1530 3730 11οι

197 3774 281 3824 multia
299 3775 364 3823 uiris
375 3772 490 3838 sortibus
512 3771 605 3821 Tolosa
624 3780 648 3820 et
666 3770 788 3821 Narbone
806 3774 949 3822 nominatim
967 3772 1095 3833 crocotis),
1117 3780 1144 3821 ut
1159 3773 1258 3825 Scaeua
1277 3787 1387 3837 quoque,
1407 3770 1455 3821 sub
1476 3784 1531 3836 quo

198 3868 328 3931 praefecto
354 3867 459 3926 meruit,
487 3865 595 3914 tortasse
620 3872 658 3912 est
681 3865 718 3914 M.
738 3865 844 3914 Caesius
868 3865 967 3916 Scaeva
990 3871 1067 3913 notae
1091 3863 1249 3914 fortitudinis
1274 3863 1389 3914 centurio
1419 3862 1533 3923 (Caesar

199 3959 223 4006 b.
238 3974 258 4006 c.
274 3959 299 4018 3,
320 3958 367 4017 533
389 3957 507 4006 Valerius
521 3957 652 4006 Maximus
672 3957 697 4017 3,
719 3959 743 4017 2,
765 3958 799 4005 24
814 3954 872 4016 cet.)
893 3964 918 4004 et
937 3963 1073 4019 propterca
1092 3956 1191 4019 magnis
1211 3956 1286 4005 donis
1306 3954 1417 4005 donatus
1440 3952 1531 4013 (Caes.

199 4050 216 4098 l.
231 4066 266 4109 e.;
292 4048 382 4098 Cicero
403 4049 436 4097 sd
456 4051 511 4097 Att.
528 4050 573 4107 14,
596 4047 651 4108 10),
671 4047 779 4097 sortasse
798 4049 875 4096 etiam
895 4062 960 4111 equo
979 4047 1082 4111 publico
1103 4054 1128 4095 et
1146 4047 1306 4111 praefectura
1325 4046 1389 4096 alae.
1413 4068 1448 4080 —
1474 4041 1531 4093 Ata

199 4148 284 4189 autem
304 4142 331 4189 in
350 4141 399 4189 hoc
418 4140 493 4187 titulo
513 4139 540 4187 id
563 4139 703 4201 siguificat,
724 4139 793 4203 quod
813 4139 907 4188 deiude
926 4139 1071 4202 significare
1090 4140 1168 4200 solet,
1188 4152 1271 4203 neque
1289 4137 1414 4187 habemus
1432 4134 1532 4199 opinor

200 4234 255 4282 eius
276 4247 334 4281 usus
354 4238 443 4279 testem
463 4230 512 4278 hnc
531 4230 606 4277 titulo
624 4232 804 4293 antiquiorem.

258 4320 283 4383 ²)
303 4322 420 4371 Tradunt
439 4321 503 4370 haec
521 4328 734 4370 commentatores
748 4323 890 4384 Vergiliani
909 4322 942 4370 ad
961 4323 1029 4371 Aen.
1044 4324 1069 4382 9,
1092 4323 1152 4371 157.
1168 4321 1193 4383 7,
1208 4322 1261 4370 614
1282 4328 1308 4369 et
1325 4317 1479 4370 Terentiani
1496 4314 1532 4367 ad

200 4414 267 4462 Eun.
281 4414 307 4472 4,
330 4415 353 4472 7,
376 4416 390 4460 2
411 4420 437 4460 et
455 4412 571 4462 Isidorus
590 4414 655 4475 orig.
670 4413 698 4471 9,
720 4414 744 4472 3,
766 4414 886 4473 53-55,
908 4412 949 4460 hic
970 4414 1022 4461 illie
1042 4421 1169 4475 errantes,
1189 4413 1235 4462 sed
1254 4414 1281 4463 in
1300 4424 1402 4461 summa
1419 4424 1449 4459 re
1467 4422 1533 4475 peu·

201 4505 290 4553 dentes
309 4517 341 4551 ex
362 4504 488 4552 tralaticia
507 4504 633 4553 divisione
653 4505 764 4567 optimae
784 4505 952 4553 auctoritatis.

258 4592 282 4654 ³)
303 4594 415 4643 Dilectui
434 4602 518 4643 utrum
538 4603 628 4658 sponte
648 4611 674 4644 se
694 4595 804 4644 offerant
822 4596 915 4644 milites
939 4610 972 4645 an
997 4603 1114 4645 mereant
1136 4597 1232 4657 coacti,
1259 4594 1367 4661 perinde
1390 4598 1443 4654 est3
1470 4604 1533 4641 uam

201 4686 320 4735 iubentur
339 4686 448 4735 militare
468 4687 505 4733 illi
526 4702 626 4750 quoque
645 4694 856 4751 sacramentoque
875 4694 995 4750 rogantur
1015 4694 1066 4735 tam
1086 4689 1153 4736 ultro
1167 4687 1261 4736 milites
1273 4686 1336 4737 facti
1348 4698 1426 4751 quam
1439 4683 1534 4734 maru.

202 4778 291 4841 Itaque
312 4778 446 4826 voluntarii
468 4778 510 4840 qui
536 4778 654 4827 dicuutur
678 4779 747 4826 nullo
772 4780 850 4826 modo
876 4778 1048 4828 confundendi
1073 4785 1133 4827 suut
1157 4793 1215 4828 cum
1236 4778 1363 4839 avocatis;
1391 4776 1476 4825 imma
1498 4786 1536 4824 ex

202 4869 294 4917 dilectu
315 4869 363 4917 hoe
383 4883 458 4917 seusu
479 4870 583 4917 reuiunt
602 4870 753 4932 quicumque
774 4871 916 4918 merentia
936 4871 1036 4933 legione
1056 4870 1139 4919 allone
1158 4883 1267 4934 corpora
1285 4867 1393 4918 militari
1415 4864 1475 4915 iura
1492 4878 1536 4915 ra-

202 4968 284 5024 cepto.
310 4988 341 4996 —-
375 4960 466 5010 Utrum
487 4959 584 5010 Romae
603 4960 710 5008 dilectus
730 4962 774 5008 liat
792 4976 825 5010 au
845 4961 996 5024 regionatim
1016 4976 1062 5025 per
1081 4962 1281 5026 conquisitores,
1305 4958 1340 5011 ad
1364 4958 1406 5009 ius
1423 4956 1537 5007 mutus·

203 5052 266 5101 nihil
286 5052 359 5112 tacit,
381 5068 428 5101 nec
447 5059 515 5101 reete
534 5050 693 5103 Schmidtius
712 5053 886 5101 evocationem
907 5053 1003 5101 rettulit
1023 5053 1056 5101 ad
1076 5053 1198 5103 dilectum
1217 5064 1264 5118 par
1283 5048 1476 5117 muqutdwrss
1494 5048 1537 5099 ln·
1579 5062 1583 5071 ·
1603 5106 1605 5121 Ι

203 5144 327 5193 stitutum.
