<?xml version="1.0" encoding="UTF-8"?>
<!DOCTYPE html PUBLIC "-//W3C//DTD XHTML 1.0 Transitional//EN"
    "http://www.w3.org/TR/xhtml1/DTD/xhtml1-transitional.dtd">
<html xmlns="http://www.w3.org/1999/xhtml" xml:lang="en" lang="en">
 <head>
  <title>
</title>
<meta http-equiv="Content-Type" content="text/html;charset=utf-8" />
  <meta name='ocr-system' content='tesseract 3.04.00' />
  <meta name='ocr-capabilities' content='ocr_page ocr_carea ocr_par ocr_line ocrx_word'/>
</head>
<body>
  <div class='ocr_page' id='page_1' title='image "./ephemerisepigra01instgoog_0641.png"; bbox 0 0 3450 5828; ppageno 0'>
   <div class='ocr_carea' id='block_1_1' title="bbox 427 500 1400 574">
    <p class='ocr_par' dir='ltr' id='par_1_1' title="bbox 427 500 1400 574">
     <span class='ocr_line' id='line_1_1' title="bbox 427 500 1400 574; baseline -0.003 -1"><span class='ocrx_word' id='word_1_1' title='bbox 427 519 733 574; x_wconf 78' lang='lat' dir='ltr'>onsuavauvonas</span> <span class='ocrx_word' id='word_1_2' title='bbox 759 520 1045 573; x_wconf 78' lang='lat' dir='ltr'>aercaarmoaa.</span> <span class='ocrx_word' id='word_1_3' title='bbox 1329 500 1400 571; x_wconf 80' lang='grc'>635</span> 
     </span>
    </p>
   </div>
   <div class='ocr_carea' id='block_1_2' title="bbox 65 694 1406 5062">
    <p class='ocr_par' dir='ltr' id='par_1_2' title="bbox 68 694 1406 2201">
     <span class='ocr_line' id='line_1_2' title="bbox 69 694 1404 770; baseline -0.001 -20"><span class='ocrx_word' id='word_1_4' title='bbox 69 696 180 752; x_wconf 77' lang='lat' dir='ltr'><em>ordinis</em></span> <span class='ocrx_word' id='word_1_5' title='bbox 203 694 304 752; x_wconf 80' lang='lat' dir='ltr'>babeat</span> <span class='ocrx_word' id='word_1_6' title='bbox 327 695 539 770; x_wconf 76' lang='lat' dir='ltr'>dipnitotem1).</span> <span class='ocrx_word' id='word_1_7' title='bbox 580 695 713 754; x_wconf 78' lang='lat' dir='ltr'>Comites</span> <span class='ocrx_word' id='word_1_8' title='bbox 735 697 766 753; x_wconf 92' lang='lat' dir='ltr'>hi</span> <span class='ocrx_word' id='word_1_9' title='bbox 787 696 938 754; x_wconf 87' lang='lat' dir='ltr'>honorarii</span> <span class='ocrx_word' id='word_1_10' title='bbox 961 696 1119 770; x_wconf 83' lang='lat' dir='ltr'>aliquoties</span> <span class='ocrx_word' id='word_1_11' title='bbox 1140 700 1349 762; x_wconf 82' lang='lat' dir='ltr'>memorantur,</span> <span class='ocrx_word' id='word_1_12' title='bbox 1371 702 1404 750; x_wconf 90' lang='lat' dir='ltr'>ut</span> 
     </span>
     <span class='ocr_line' id='line_1_3' title="bbox 73 794 1405 873; baseline -0.002 -20"><span class='ocrx_word' id='word_1_13' title='bbox 73 797 103 855; x_wconf 92' lang='lat' dir='ltr'>in</span> <span class='ocrx_word' id='word_1_14' title='bbox 124 796 190 872; x_wconf 89' lang='lat' dir='ltr'>lege</span> <span class='ocrx_word' id='word_1_15' title='bbox 212 816 239 854; x_wconf 90' lang='lat' dir='ltr'>a.</span> <span class='ocrx_word' id='word_1_16' title='bbox 257 798 315 856; x_wconf 87' lang='grc'>395</span> <span class='ocrx_word' id='word_1_17' title='bbox 340 794 388 871; x_wconf 87' lang='lat' dir='ltr'>(C.</span> <span class='ocrx_word' id='word_1_18' title='bbox 402 796 458 854; x_wconf 92' lang='lat' dir='ltr'>Th.</span> <span class='ocrx_word' id='word_1_19' title='bbox 480 796 525 868; x_wconf 75' lang='lat'>12,</span> <span class='ocrx_word' id='word_1_20' title='bbox 545 798 676 873; x_wconf 88' lang='lat'>1,150):</span> <span class='ocrx_word' id='word_1_21' title='bbox 700 798 825 856; x_wconf 85' lang='lat' dir='ltr'>errriales</span> <span class='ocrx_word' id='word_1_22' title='bbox 847 801 897 873; x_wconf 83' lang='lat' dir='ltr'>qni</span> <span class='ocrx_word' id='word_1_23' title='bbox 919 798 1098 855; x_wconf 73' lang='lat' dir='ltr'>honorariam</span> <span class='ocrx_word' id='word_1_24' title='bbox 1119 799 1217 871; x_wconf 86' lang='lat' dir='ltr'>adepti</span> <span class='ocrx_word' id='word_1_25' title='bbox 1238 806 1304 853; x_wconf 88' lang='lat' dir='ltr'>sunt</span> <span class='ocrx_word' id='word_1_26' title='bbox 1323 798 1405 852; x_wconf 86' lang='lat' dir='ltr'>comi-</span> 
     </span>
     <span class='ocr_line' id='line_1_4' title="bbox 71 894 1405 977; baseline 0.001 -22"><span class='ocrx_word' id='word_1_27' title='bbox 71 901 170 969; x_wconf 79' lang='lat' dir='ltr'>tivam,</span> <span class='ocrx_word' id='word_1_28' title='bbox 198 907 228 956; x_wconf 85' lang='lat' dir='ltr'>et</span> <span class='ocrx_word' id='word_1_29' title='bbox 249 900 387 957; x_wconf 89' lang='lat' dir='ltr'>similiter</span> <span class='ocrx_word' id='word_1_30' title='bbox 410 908 499 974; x_wconf 86' lang='lat' dir='ltr'>atque</span> <span class='ocrx_word' id='word_1_31' title='bbox 521 899 570 956; x_wconf 90' lang='lat' dir='ltr'>hic</span> <span class='ocrx_word' id='word_1_32' title='bbox 592 899 700 958; x_wconf 82' lang='lat' dir='ltr'>tactum</span> <span class='ocrx_word' id='word_1_33' title='bbox 724 910 770 958; x_wconf 89' lang='lat' dir='ltr'>est</span> <span class='ocrx_word' id='word_1_34' title='bbox 792 910 982 975; x_wconf 90' lang='lat' dir='ltr'>opponuntur</span> <span class='ocrx_word' id='word_1_35' title='bbox 1003 900 1078 977; x_wconf 90' lang='lat' dir='ltr'>ipsis</span> <span class='ocrx_word' id='word_1_36' title='bbox 1101 894 1258 956; x_wconf 84' lang='lat' dir='ltr'>comitibus</span> <span class='ocrx_word' id='word_1_37' title='bbox 1285 915 1303 953; x_wconf 85' lang='lat' dir='ltr'>a</span> <span class='ocrx_word' id='word_1_38' title='bbox 1325 895 1405 956; x_wconf 89' lang='lat' dir='ltr'>Cou-</span> 
     </span>
     <span class='ocr_line' id='line_1_5' title="bbox 72 997 1406 1077; baseline -0.002 -19"><span class='ocrx_word' id='word_1_39' title='bbox 72 1001 182 1058; x_wconf 80' lang='grc'>1111111</span> <span class='ocrx_word' id='word_1_40' title='bbox 205 1021 232 1059; x_wconf 90' lang='lat' dir='ltr'>a.</span> <span class='ocrx_word' id='word_1_41' title='bbox 250 1002 307 1060; x_wconf 83' lang='lat'>353</span> <span class='ocrx_word' id='word_1_42' title='bbox 332 1001 427 1058; x_wconf 91' lang='lat' dir='ltr'>ordini</span> <span class='ocrx_word' id='word_1_43' title='bbox 444 999 737 1077; x_wconf 79' lang='lat' dir='ltr'>Carthaginiensium</span> <span class='ocrx_word' id='word_1_44' title='bbox 761 1003 803 1059; x_wconf 89' lang='lat' dir='ltr'>sic</span> <span class='ocrx_word' id='word_1_45' title='bbox 825 1002 1006 1061; x_wconf 78' lang='lat' dir='ltr'>rescribente</span> <span class='ocrx_word' id='word_1_46' title='bbox 1028 997 1349 1077; x_wconf 55' lang='grc' dir='ltr'>(ατ-1111411</span> <span class='ocrx_word' id='word_1_47' title='bbox 1372 1016 1406 1055; x_wconf 84' lang='lat' dir='ltr'>aa</span> 
     </span>
     <span class='ocr_line' id='line_1_6' title="bbox 68 1102 1404 1180; baseline -0.002 -19"><span class='ocrx_word' id='word_1_48' title='bbox 68 1104 213 1161; x_wconf 77' lang='lat' dir='ltr'>comitibus</span> <span class='ocrx_word' id='word_1_49' title='bbox 236 1113 261 1160; x_wconf 83' lang='lat' dir='ltr'>ct</span> <span class='ocrx_word' id='word_1_50' title='bbox 283 1123 316 1160; x_wconf 83' lang='lat' dir='ltr'>er</span> <span class='ocrx_word' id='word_1_51' title='bbox 334 1104 520 1178; x_wconf 72' lang='lat' dir='ltr'>praesidibus</span> <span class='ocrx_word' id='word_1_52' title='bbox 542 1107 669 1161; x_wconf 79' lang='lat' dir='ltr'>universi</span> <span class='ocrx_word' id='word_1_53' title='bbox 694 1108 844 1180; x_wconf 84' lang='lat' dir='ltr'>ceterique,</span> <span class='ocrx_word' id='word_1_54' title='bbox 874 1107 923 1179; x_wconf 83' lang='lat' dir='ltr'>qni</span> <span class='ocrx_word' id='word_1_55' title='bbox 948 1108 1008 1162; x_wconf 87' lang='lat' dir='ltr'>sinc</span> <span class='ocrx_word' id='word_1_56' title='bbox 1034 1104 1278 1161; x_wconf 75' lang='lat' dir='ltr'>administratione</span> <span class='ocrx_word' id='word_1_57' title='bbox 1304 1102 1404 1159; x_wconf 87' lang='lat' dir='ltr'>adum-</span> 
     </span>
     <span class='ocr_line' id='line_1_7' title="bbox 70 1204 1404 1281; baseline -0.003 -17"><span class='ocrx_word' id='word_1_58' title='bbox 70 1207 217 1264; x_wconf 84' lang='lat' dir='ltr'>bratorum</span> <span class='ocrx_word' id='word_1_59' title='bbox 239 1208 407 1280; x_wconf 79' lang='lat' dir='ltr'>dipnitotum</span> <span class='ocrx_word' id='word_1_60' title='bbox 435 1207 579 1264; x_wconf 68' lang='lat' dir='ltr'>codicillos</span> <span class='ocrx_word' id='word_1_61' title='bbox 603 1208 770 1264; x_wconf 74' lang='lat' dir='ltr'>honorarius</span> <span class='ocrx_word' id='word_1_62' title='bbox 791 1210 945 1265; x_wconf 82' lang='lat' dir='ltr'>meruerint</span> <span class='ocrx_word' id='word_1_63' title='bbox 1032 1209 1196 1281; x_wconf 75' lang='lat' dir='ltr'>supparetur</span> <span class='ocrx_word' id='word_1_64' title='bbox 1222 1204 1353 1262; x_wconf 81' lang='lat' dir='ltr'>oneribus</span> <span class='ocrx_word' id='word_1_65' title='bbox 1380 1212 1404 1260; x_wconf 84' lang='lat' dir='ltr'>et</span> 
     </span>
     <span class='ocr_line' id='line_1_8' title="bbox 69 1305 1403 1383; baseline -0.001 -20"><span class='ocrx_word' id='word_1_66' title='bbox 69 1308 222 1366; x_wconf 77' lang='lat' dir='ltr'>bonoribus</span> <span class='ocrx_word' id='word_1_67' title='bbox 250 1311 397 1366; x_wconf 77' lang='lat' dir='ltr'>rettinersis.</span> <span class='ocrx_word' id='word_1_68' title='bbox 453 1305 636 1366; x_wconf 85' lang='lat' dir='ltr'>Constitutio</span> <span class='ocrx_word' id='word_1_69' title='bbox 663 1329 688 1366; x_wconf 91' lang='lat' dir='ltr'>a.</span> <span class='ocrx_word' id='word_1_70' title='bbox 706 1308 765 1367; x_wconf 80' lang='lat'>385</span> <span class='ocrx_word' id='word_1_71' title='bbox 794 1307 843 1382; x_wconf 90' lang='lat' dir='ltr'>(C.</span> <span class='ocrx_word' id='word_1_72' title='bbox 865 1308 921 1365; x_wconf 90' lang='lat' dir='ltr'>Th.</span> <span class='ocrx_word' id='word_1_73' title='bbox 947 1308 999 1380; x_wconf 79' lang='lat' dir='ltr'>tt,</span> <span class='ocrx_word' id='word_1_74' title='bbox 1023 1308 1145 1382; x_wconf 84' lang='lat'>1,109)</span> <span class='ocrx_word' id='word_1_75' title='bbox 1175 1308 1262 1365; x_wconf 90' lang='lat' dir='ltr'>etiam</span> <span class='ocrx_word' id='word_1_76' title='bbox 1291 1323 1403 1383; x_wconf 90' lang='lat' dir='ltr'>agono-</span> 
     </span>
     <span class='ocr_line' id='line_1_9' title="bbox 69 1410 1404 1486; baseline -0.001 -20"><span class='ocrx_word' id='word_1_77' title='bbox 69 1411 167 1468; x_wconf 85' lang='lat' dir='ltr'>thesia</span> <span class='ocrx_word' id='word_1_78' title='bbox 188 1412 350 1486; x_wconf 88' lang='lat' dir='ltr'>perfunctis</span> <span class='ocrx_word' id='word_1_79' title='bbox 372 1411 533 1486; x_wconf 90' lang='lat' dir='ltr'>promittit,</span> <span class='ocrx_word' id='word_1_80' title='bbox 561 1422 595 1468; x_wconf 90' lang='lat' dir='ltr'>ut</span> <span class='ocrx_word' id='word_1_81' title='bbox 622 1412 650 1467; x_wconf 89' lang='lat' dir='ltr'>in</span> <span class='ocrx_word' id='word_1_82' title='bbox 673 1421 838 1485; x_wconf 84' lang='lat' dir='ltr'>perpetuum</span> <span class='ocrx_word' id='word_1_83' title='bbox 866 1429 899 1468; x_wconf 82' lang='lat' dir='ltr'>ea</span> <span class='ocrx_word' id='word_1_84' title='bbox 923 1410 1068 1469; x_wconf 81' lang='lat' dir='ltr'>comitibus</span> <span class='ocrx_word' id='word_1_85' title='bbox 1091 1412 1227 1485; x_wconf 68' lang='lat' dir='ltr'>dignitate</span> <span class='ocrx_word' id='word_1_86' title='bbox 1249 1411 1404 1476; x_wconf 67' lang='lat' dir='ltr'>lactent-nm</span> 
     </span>
     <span class='ocr_line' id='line_1_10' title="bbox 69 1512 1402 1590; baseline -0.002 -20"><span class='ocrx_word' id='word_1_87' title='bbox 69 1524 233 1588; x_wconf 84' lang='lat' dir='ltr'>sequuntur</span> <span class='ocrx_word' id='word_1_88' title='bbox 254 1531 330 1588; x_wconf 89' lang='lat' dir='ltr'>quae</span> <span class='ocrx_word' id='word_1_89' title='bbox 353 1531 444 1588; x_wconf 87' lang='lat' dir='ltr'>supra</span> <span class='ocrx_word' id='word_1_90' title='bbox 466 1513 564 1571; x_wconf 89' lang='lat' dir='ltr'>rettuli</span> <span class='ocrx_word' id='word_1_91' title='bbox 589 1513 624 1568; x_wconf 91' lang='lat' dir='ltr'>de</span> <span class='ocrx_word' id='word_1_92' title='bbox 648 1512 710 1569; x_wconf 89' lang='lat' dir='ltr'>iure</span> <span class='ocrx_word' id='word_1_93' title='bbox 733 1512 827 1569; x_wconf 89' lang='lat' dir='ltr'>osculi</span> <span class='ocrx_word' id='word_1_94' title='bbox 850 1522 880 1570; x_wconf 91' lang='lat' dir='ltr'>et</span> <span class='ocrx_word' id='word_1_95' title='bbox 901 1531 1069 1571; x_wconf 87' lang='lat' dir='ltr'>consessus.</span> <span class='ocrx_word' id='word_1_96' title='bbox 1108 1513 1282 1590; x_wconf 81' lang='lat' dir='ltr'>Appellatio</span> <span class='ocrx_word' id='word_1_97' title='bbox 1306 1532 1338 1569; x_wconf 78' lang='lat' dir='ltr'>ea</span> <span class='ocrx_word' id='word_1_98' title='bbox 1358 1530 1402 1568; x_wconf 93' lang='lat' dir='ltr'>co·</span> 
     </span>
     <span class='ocr_line' id='line_1_11' title="bbox 69 1613 1400 1692; baseline -0.001 -21"><span class='ocrx_word' id='word_1_99' title='bbox 69 1619 133 1672; x_wconf 84' lang='lat' dir='ltr'>ntitc</span> <span class='ocrx_word' id='word_1_100' title='bbox 155 1615 216 1683; x_wconf 87' lang='lat' dir='ltr'>vel,</span> <span class='ocrx_word' id='word_1_101' title='bbox 239 1623 270 1671; x_wconf 89' lang='lat' dir='ltr'>nt</span> <span class='ocrx_word' id='word_1_102' title='bbox 293 1616 347 1673; x_wconf 84' lang='lat' dir='ltr'>lrac</span> <span class='ocrx_word' id='word_1_103' title='bbox 370 1625 465 1672; x_wconf 88' lang='lat' dir='ltr'>aetate</span> <span class='ocrx_word' id='word_1_104' title='bbox 488 1614 671 1690; x_wconf 80' lang='lat' dir='ltr'>frequentius</span> <span class='ocrx_word' id='word_1_105' title='bbox 695 1614 812 1686; x_wconf 87' lang='lat' dir='ltr'>dicitur,</span> <span class='ocrx_word' id='word_1_106' title='bbox 836 1634 868 1672; x_wconf 81' lang='lat' dir='ltr'>ea</span> <span class='ocrx_word' id='word_1_107' title='bbox 890 1615 1036 1672; x_wconf 82' lang='lat' dir='ltr'>comitibus</span> <span class='ocrx_word' id='word_1_108' title='bbox 1059 1613 1139 1688; x_wconf 89' lang='lat' dir='ltr'>(vide</span> <span class='ocrx_word' id='word_1_109' title='bbox 1162 1633 1252 1692; x_wconf 90' lang='lat' dir='ltr'>supra</span> <span class='ocrx_word' id='word_1_110' title='bbox 1273 1635 1302 1691; x_wconf 89' lang='lat' dir='ltr'>p.</span> <span class='ocrx_word' id='word_1_111' title='bbox 1318 1613 1400 1688; x_wconf 77' lang='lat'>129),</span> 
     </span>
     <span class='ocr_line' id='line_1_12' title="bbox 69 1700 1402 1792; baseline -0.001 -19"><span class='ocrx_word' id='word_1_112' title='bbox 69 1734 249 1792; x_wconf 90' lang='lat' dir='ltr'>quamquam</span> <span class='ocrx_word' id='word_1_113' title='bbox 273 1718 362 1774; x_wconf 85' lang='lat' dir='ltr'>etiam</span> <span class='ocrx_word' id='word_1_114' title='bbox 386 1717 484 1774; x_wconf 90' lang='lat' dir='ltr'>comiti</span> <span class='ocrx_word' id='word_1_115' title='bbox 515 1717 654 1774; x_wconf 84' lang='lat' dir='ltr'>convenit</span> <span class='ocrx_word' id='word_1_116' title='bbox 680 1700 743 1791; x_wconf 81' lang='lat' dir='ltr'>qui¹</span> <span class='ocrx_word' id='word_1_117' title='bbox 759 1716 965 1774; x_wconf 88' lang='lat' dir='ltr'>administrare</span> <span class='ocrx_word' id='word_1_118' title='bbox 992 1717 1095 1788; x_wconf 87' lang='lat' dir='ltr'>desiit,</span> <span class='ocrx_word' id='word_1_119' title='bbox 1123 1717 1179 1775; x_wconf 84' lang='lat' dir='ltr'>lrac</span> <span class='ocrx_word' id='word_1_120' title='bbox 1205 1723 1301 1774; x_wconf 87' lang='lat' dir='ltr'>aetate</span> <span class='ocrx_word' id='word_1_121' title='bbox 1328 1726 1402 1774; x_wconf 89' lang='lat' dir='ltr'>tam·</span> 
     </span>
     <span class='ocr_line' id='line_1_13' title="bbox 70 1817 1402 1895; baseline -0.001 -21"><span class='ocrx_word' id='word_1_122' title='bbox 70 1837 157 1894; x_wconf 92' lang='lat' dir='ltr'>quam</span> <span class='ocrx_word' id='word_1_123' title='bbox 181 1820 303 1893; x_wconf 89' lang='lat' dir='ltr'>propria</span> <span class='ocrx_word' id='word_1_124' title='bbox 324 1818 381 1876; x_wconf 84' lang='lat' dir='ltr'>luit</span> <span class='ocrx_word' id='word_1_125' title='bbox 403 1820 519 1876; x_wconf 89' lang='lat' dir='ltr'>comitis</span> <span class='ocrx_word' id='word_1_126' title='bbox 541 1818 703 1883; x_wconf 90' lang='lat' dir='ltr'>honorarii,</span> <span class='ocrx_word' id='word_1_127' title='bbox 726 1828 753 1875; x_wconf 93' lang='lat' dir='ltr'>et</span> <span class='ocrx_word' id='word_1_128' title='bbox 776 1819 818 1876; x_wconf 89' lang='lat' dir='ltr'>ita</span> <span class='ocrx_word' id='word_1_129' title='bbox 840 1819 961 1877; x_wconf 90' lang='lat' dir='ltr'>omnino</span> <span class='ocrx_word' id='word_1_130' title='bbox 985 1828 1145 1895; x_wconf 89' lang='lat' dir='ltr'>usurpatur</span> <span class='ocrx_word' id='word_1_131' title='bbox 1167 1820 1197 1877; x_wconf 91' lang='lat' dir='ltr'>in</span> <span class='ocrx_word' id='word_1_132' title='bbox 1216 1818 1302 1876; x_wconf 88' lang='lat' dir='ltr'>titulo</span> <span class='ocrx_word' id='word_1_133' title='bbox 1323 1817 1402 1874; x_wconf 85' lang='lat' dir='ltr'>Tlra-</span> 
     </span>
     <span class='ocr_line' id='line_1_14' title="bbox 69 1920 1402 1997; baseline -0.001 -19"><span class='ocrx_word' id='word_1_134' title='bbox 69 1920 254 1995; x_wconf 87' lang='lat' dir='ltr'>mugadensi.</span> <span class='ocrx_word' id='word_1_135' title='bbox 272 1954 309 1962; x_wconf 96' lang='lat'>-</span> <span class='ocrx_word' id='word_1_136' title='bbox 327 1920 361 1976; x_wconf 93' lang='lat' dir='ltr'>Id</span> <span class='ocrx_word' id='word_1_137' title='bbox 384 1921 480 1997; x_wconf 89' lang='lat' dir='ltr'>ipsum</span> <span class='ocrx_word' id='word_1_138' title='bbox 504 1921 592 1978; x_wconf 88' lang='lat' dir='ltr'>etiam</span> <span class='ocrx_word' id='word_1_139' title='bbox 617 1922 654 1978; x_wconf 90' lang='lat' dir='ltr'>ad</span> <span class='ocrx_word' id='word_1_140' title='bbox 677 1921 813 1978; x_wconf 89' lang='lat' dir='ltr'>tribunos</span> <span class='ocrx_word' id='word_1_141' title='bbox 836 1922 982 1995; x_wconf 87' lang='lat' dir='ltr'>pertinere</span> <span class='ocrx_word' id='word_1_142' title='bbox 999 1921 1072 1979; x_wconf 91' lang='lat' dir='ltr'>etin</span> <span class='ocrx_word' id='word_1_143' title='bbox 1089 1921 1402 1979; x_wconf 87' lang='lat' dir='ltr'>summaadhonores</span> 
     </span>
     <span class='ocr_line' id='line_1_15' title="bbox 69 2022 1403 2100; baseline -0.001 -21"><span class='ocrx_word' id='word_1_144' title='bbox 69 2023 213 2080; x_wconf 89' lang='lat' dir='ltr'>militares</span> <span class='ocrx_word' id='word_1_145' title='bbox 236 2041 337 2081; x_wconf 92' lang='lat' dir='ltr'>omncs</span> <span class='ocrx_word' id='word_1_146' title='bbox 360 2041 456 2098; x_wconf 88' lang='lat' dir='ltr'>neque</span> <span class='ocrx_word' id='word_1_147' title='bbox 477 2034 576 2081; x_wconf 86' lang='lat' dir='ltr'>tamen</span> <span class='ocrx_word' id='word_1_148' title='bbox 602 2023 638 2080; x_wconf 92' lang='lat' dir='ltr'>ad</span> <span class='ocrx_word' id='word_1_149' title='bbox 661 2023 765 2082; x_wconf 89' lang='lat' dir='ltr'>civiles</span> <span class='ocrx_word' id='word_1_150' title='bbox 792 2024 823 2080; x_wconf 92' lang='lat' dir='ltr'>in</span> <span class='ocrx_word' id='word_1_151' title='bbox 849 2023 1094 2080; x_wconf 87' lang='lat' dir='ltr'>commentariolo</span> <span class='ocrx_word' id='word_1_152' title='bbox 1121 2023 1157 2080; x_wconf 92' lang='lat' dir='ltr'>de</span> <span class='ocrx_word' id='word_1_153' title='bbox 1184 2022 1403 2100; x_wconf 85' lang='lat' dir='ltr'>protectoribus</span> 
     </span>
     <span class='ocr_line' id='line_1_16' title="bbox 69 2124 745 2201; baseline -0.001 -18"><span class='ocrx_word' id='word_1_154' title='bbox 69 2124 177 2201; x_wconf 89' lang='lat' dir='ltr'>(supra</span> <span class='ocrx_word' id='word_1_155' title='bbox 199 2144 227 2201; x_wconf 92' lang='lat' dir='ltr'>p.</span> <span class='ocrx_word' id='word_1_156' title='bbox 243 2125 300 2183; x_wconf 75' lang='lat'>129</span> <span class='ocrx_word' id='word_1_157' title='bbox 317 2124 394 2199; x_wconf 88' lang='lat' dir='ltr'>seq.)</span> <span class='ocrx_word' id='word_1_158' title='bbox 416 2143 510 2200; x_wconf 88' lang='lat' dir='ltr'>nuper</span> <span class='ocrx_word' id='word_1_159' title='bbox 531 2124 745 2183; x_wconf 88' lang='lat' dir='ltr'>demonstravi.</span> 
     </span>
    </p>

    <p class='ocr_par' dir='ltr' id='par_1_3' title="bbox 65 2226 1404 2917">
     <span class='ocr_line' id='line_1_17' title="bbox 112 2226 1403 2304; baseline 0.002 -21"><span class='ocrx_word' id='word_1_160' title='bbox 112 2226 181 2283; x_wconf 90' lang='lat' dir='ltr'>Duo</span> <span class='ocrx_word' id='word_1_161' title='bbox 204 2227 343 2284; x_wconf 90' lang='lat' dir='ltr'>comitum</span> <span class='ocrx_word' id='word_1_162' title='bbox 366 2244 476 2302; x_wconf 89' lang='lat' dir='ltr'>genera</span> <span class='ocrx_word' id='word_1_163' title='bbox 498 2235 559 2284; x_wconf 90' lang='lat' dir='ltr'>tam</span> <span class='ocrx_word' id='word_1_164' title='bbox 581 2227 631 2301; x_wconf 89' lang='lat' dir='ltr'>qni</span> <span class='ocrx_word' id='word_1_165' title='bbox 653 2228 684 2284; x_wconf 90' lang='lat' dir='ltr'>in</span> <span class='ocrx_word' id='word_1_166' title='bbox 707 2227 965 2285; x_wconf 86' lang='lat' dir='ltr'>administratione</span> <span class='ocrx_word' id='word_1_167' title='bbox 985 2237 1014 2285; x_wconf 89' lang='lat' dir='ltr'>et</span> <span class='ocrx_word' id='word_1_168' title='bbox 1034 2240 1156 2304; x_wconf 90' lang='lat' dir='ltr'>propter</span> <span class='ocrx_word' id='word_1_169' title='bbox 1170 2228 1403 2286; x_wconf 89' lang='lat' dir='ltr'>administratio·</span> 
     </span>
     <span class='ocr_line' id='line_1_18' title="bbox 70 2329 1403 2406; baseline 0.001 -20"><span class='ocrx_word' id='word_1_170' title='bbox 70 2348 137 2387; x_wconf 86' lang='lat' dir='ltr'>nem</span> <span class='ocrx_word' id='word_1_171' title='bbox 161 2329 329 2386; x_wconf 83' lang='lat' dir='ltr'>comitivam</span> <span class='ocrx_word' id='word_1_172' title='bbox 353 2329 539 2404; x_wconf 89' lang='lat' dir='ltr'>accipiebant</span> <span class='ocrx_word' id='word_1_173' title='bbox 559 2346 648 2404; x_wconf 90' lang='lat' dir='ltr'>quam</span> <span class='ocrx_word' id='word_1_174' title='bbox 671 2329 840 2387; x_wconf 86' lang='lat' dir='ltr'>honorariis</span> <span class='ocrx_word' id='word_1_175' title='bbox 864 2330 1008 2388; x_wconf 87' lang='lat' dir='ltr'>codicillis</span> <span class='ocrx_word' id='word_1_176' title='bbox 1031 2332 1120 2389; x_wconf 91' lang='lat' dir='ltr'>creati</span> <span class='ocrx_word' id='word_1_177' title='bbox 1143 2332 1199 2388; x_wconf 87' lang='lat' dir='ltr'>hae</span> <span class='ocrx_word' id='word_1_178' title='bbox 1222 2339 1319 2388; x_wconf 88' lang='lat' dir='ltr'>aetate</span> <span class='ocrx_word' id='word_1_179' title='bbox 1344 2330 1403 2406; x_wconf 92' lang='lat' dir='ltr'>plc-</span> 
     </span>
     <span class='ocr_line' id='line_1_19' title="bbox 69 2430 1403 2508; baseline 0.002 -21"><span class='ocrx_word' id='word_1_180' title='bbox 69 2449 195 2506; x_wconf 91' lang='lat' dir='ltr'>rumque</span> <span class='ocrx_word' id='word_1_181' title='bbox 217 2431 506 2506; x_wconf 86' lang='lat' dir='ltr'>comprehenduntur</span> <span class='ocrx_word' id='word_1_182' title='bbox 528 2430 670 2488; x_wconf 87' lang='lat' dir='ltr'>vocabulo</span> <span class='ocrx_word' id='word_1_183' title='bbox 692 2431 918 2501; x_wconf 86' lang='lat' dir='ltr'>honoratorum,</span> <span class='ocrx_word' id='word_1_184' title='bbox 941 2432 977 2491; x_wconf 92' lang='lat' dir='ltr'>de</span> <span class='ocrx_word' id='word_1_185' title='bbox 1000 2450 1060 2508; x_wconf 93' lang='lat' dir='ltr'>quo</span> <span class='ocrx_word' id='word_1_186' title='bbox 1083 2451 1159 2508; x_wconf 90' lang='lat' dir='ltr'>quae</span> <span class='ocrx_word' id='word_1_187' title='bbox 1183 2433 1291 2490; x_wconf 89' lang='lat' dir='ltr'>tradita</span> <span class='ocrx_word' id='word_1_188' title='bbox 1312 2432 1403 2490; x_wconf 85' lang='lat' dir='ltr'>lrabe-</span> 
     </span>
     <span class='ocr_line' id='line_1_20' title="bbox 70 2531 1404 2609; baseline 0 -17"><span class='ocrx_word' id='word_1_189' title='bbox 70 2551 151 2602; x_wconf 91' lang='lat' dir='ltr'>mus,</span> <span class='ocrx_word' id='word_1_190' title='bbox 184 2534 352 2591; x_wconf 88' lang='lat' dir='ltr'>admirabili</span> <span class='ocrx_word' id='word_1_191' title='bbox 381 2533 516 2591; x_wconf 89' lang='lat' dir='ltr'>doctrina</span> <span class='ocrx_word' id='word_1_192' title='bbox 545 2534 714 2609; x_wconf 89' lang='lat' dir='ltr'>composuit</span> <span class='ocrx_word' id='word_1_193' title='bbox 741 2531 946 2591; x_wconf 80' lang='lat' dir='ltr'>Gotlrofredus</span> <span class='ocrx_word' id='word_1_194' title='bbox 973 2534 1009 2591; x_wconf 88' lang='lat' dir='ltr'>ad</span> <span class='ocrx_word' id='word_1_195' title='bbox 1038 2532 1073 2593; x_wconf 85' lang='lat' dir='ltr'>C.</span> <span class='ocrx_word' id='word_1_196' title='bbox 1093 2535 1150 2592; x_wconf 90' lang='lat' dir='ltr'>Th.</span> <span class='ocrx_word' id='word_1_197' title='bbox 1175 2536 1205 2605; x_wconf 94' lang='grc'>1,</span> <span class='ocrx_word' id='word_1_198' title='bbox 1228 2535 1260 2605; x_wconf 87' lang='lat'>8,</span> <span class='ocrx_word' id='word_1_199' title='bbox 1285 2535 1296 2590; x_wconf 94' lang='grc'>1</span> <span class='ocrx_word' id='word_1_200' title='bbox 1333 2551 1404 2592; x_wconf 89' lang='lat' dir='ltr'>snae</span> 
     </span>
     <span class='ocr_line' id='line_1_21' title="bbox 70 2634 1404 2714; baseline 0 -21"><span class='ocrx_word' id='word_1_201' title='bbox 70 2636 217 2694; x_wconf 88' lang='lat' dir='ltr'>editionis.</span> <span class='ocrx_word' id='word_1_202' title='bbox 267 2636 461 2711; x_wconf 86' lang='lat' dir='ltr'>Adlegabitur</span> <span class='ocrx_word' id='word_1_203' title='bbox 488 2635 675 2693; x_wconf 88' lang='lat' dir='ltr'>solummodo</span> <span class='ocrx_word' id='word_1_204' title='bbox 702 2635 876 2694; x_wconf 88' lang='lat' dir='ltr'>constitutio</span> <span class='ocrx_word' id='word_1_205' title='bbox 900 2655 925 2694; x_wconf 92' lang='lat' dir='ltr'>a.</span> <span class='ocrx_word' id='word_1_206' title='bbox 944 2636 999 2692; x_wconf 82' lang='lat'>401</span> <span class='ocrx_word' id='word_1_207' title='bbox 1027 2634 1330 2711; x_wconf 79' lang='grc' dir='ltr'>(Ο.Τ1].1,15,16)</span> <span class='ocrx_word' id='word_1_208' title='bbox 1360 2643 1404 2714; x_wconf 68' lang='grc'>11-4</span> 
     </span>
     <span class='ocr_line' id='line_1_22' title="bbox 70 2738 1403 2814; baseline -0.001 -19"><span class='ocrx_word' id='word_1_209' title='bbox 70 2749 138 2814; x_wconf 90' lang='lat' dir='ltr'>pote</span> <span class='ocrx_word' id='word_1_210' title='bbox 161 2738 197 2795; x_wconf 90' lang='lat' dir='ltr'>ad</span> <span class='ocrx_word' id='word_1_211' title='bbox 221 2746 356 2796; x_wconf 89' lang='lat' dir='ltr'>nostrum</span> <span class='ocrx_word' id='word_1_212' title='bbox 380 2745 584 2813; x_wconf 78' lang='lat' dir='ltr'>argumentum</span> <span class='ocrx_word' id='word_1_213' title='bbox 607 2738 726 2813; x_wconf 87' lang='lat' dir='ltr'>proprie</span> <span class='ocrx_word' id='word_1_214' title='bbox 747 2746 899 2811; x_wconf 85' lang='lat' dir='ltr'>spectans:</span> <span class='ocrx_word' id='word_1_215' title='bbox 928 2738 1039 2796; x_wconf 84' lang='lat' dir='ltr'>nullrtm</span> <span class='ocrx_word' id='word_1_216' title='bbox 1062 2743 1175 2814; x_wconf 86' lang='lat' dir='ltr'>penitus</span> <span class='ocrx_word' id='word_1_217' title='bbox 1203 2739 1403 2795; x_wconf 81' lang='lat' dir='ltr'>honoratorum</span> 
     </span>
     <span class='ocr_line' id='line_1_23' title="bbox 65 2840 1402 2917; baseline -0.001 -18"><span class='ocrx_word' id='word_1_218' title='bbox 65 2841 181 2917; x_wconf 84' lang='lat' dir='ltr'>publico</span> <span class='ocrx_word' id='word_1_219' title='bbox 202 2842 374 2899; x_wconf 72' lang='lat' dir='ltr'>solidatione</span> <span class='ocrx_word' id='word_1_220' title='bbox 395 2843 455 2896; x_wconf 86' lang='lat' dir='ltr'>sine</span> <span class='ocrx_word' id='word_1_221' title='bbox 478 2840 634 2916; x_wconf 79' lang='lat' dir='ltr'>cirlanrpdis</span> <span class='ocrx_word' id='word_1_222' title='bbox 657 2841 816 2897; x_wconf 84' lang='lat' dir='ltr'>indumento</span> <span class='ocrx_word' id='word_1_223' title='bbox 839 2844 978 2897; x_wconf 84' lang='lat' dir='ltr'>vicariam</span> <span class='ocrx_word' id='word_1_224' title='bbox 992 2850 1160 2916; x_wconf 87' lang='lat' dir='ltr'>potestatem</span> <span class='ocrx_word' id='word_1_225' title='bbox 1182 2842 1264 2898; x_wconf 85' lang='lat' dir='ltr'>odire</span> <span class='ocrx_word' id='word_1_226' title='bbox 1287 2849 1402 2915; x_wconf 81' lang='lat' dir='ltr'>oportet.</span> 
     </span>
    </p>

    <p class='ocr_par' dir='ltr' id='par_1_4' title="bbox 68 2941 1406 5062">
     <span class='ocr_line' id='line_1_24' title="bbox 111 2941 1405 3019; baseline -0.002 -17"><span class='ocrx_word' id='word_1_227' title='bbox 111 2941 254 3019; x_wconf 89' lang='lat' dir='ltr'>Sequitur</span> <span class='ocrx_word' id='word_1_228' title='bbox 275 2942 304 2998; x_wconf 91' lang='lat' dir='ltr'>in</span> <span class='ocrx_word' id='word_1_229' title='bbox 328 2942 424 3017; x_wconf 87' lang='lat' dir='ltr'>primo</span> <span class='ocrx_word' id='word_1_230' title='bbox 446 2942 541 3017; x_wconf 87' lang='lat' dir='ltr'>gradu</span> <span class='ocrx_word' id='word_1_231' title='bbox 562 2956 686 3015; x_wconf 87' lang='lat' dir='ltr'>quartus</span> <span class='ocrx_word' id='word_1_232' title='bbox 707 2941 781 2999; x_wconf 94' lang='lat' dir='ltr'>ordo</span> <span class='ocrx_word' id='word_1_233' title='bbox 800 2943 1074 3011; x_wconf 83' lang='lat' dir='ltr'>administratorum,</span> <span class='ocrx_word' id='word_1_234' title='bbox 1098 2961 1156 3019; x_wconf 90' lang='lat' dir='ltr'>quo</span> <span class='ocrx_word' id='word_1_235' title='bbox 1171 2943 1318 3001; x_wconf 88' lang='lat' dir='ltr'>vocabulo</span> <span class='ocrx_word' id='word_1_236' title='bbox 1333 2941 1405 3016; x_wconf 88' lang='lat' dir='ltr'>quid</span> 
     </span>
     <span class='ocr_line' id='line_1_25' title="bbox 69 3043 1404 3121; baseline -0.002 -19"><span class='ocrx_word' id='word_1_237' title='bbox 69 3045 126 3102; x_wconf 91' lang='lat' dir='ltr'>hoc</span> <span class='ocrx_word' id='word_1_238' title='bbox 149 3045 215 3102; x_wconf 90' lang='lat' dir='ltr'>loco</span> <span class='ocrx_word' id='word_1_239' title='bbox 238 3045 357 3121; x_wconf 89' lang='lat' dir='ltr'>proprie</span> <span class='ocrx_word' id='word_1_240' title='bbox 379 3043 571 3120; x_wconf 82' lang='lat' dir='ltr'>significetur,</span> <span class='ocrx_word' id='word_1_241' title='bbox 594 3043 703 3118; x_wconf 84' lang='lat' dir='ltr'>ambigi</span> <span class='ocrx_word' id='word_1_242' title='bbox 727 3052 834 3119; x_wconf 88' lang='lat' dir='ltr'>potest.</span> <span class='ocrx_word' id='word_1_243' title='bbox 879 3045 1101 3103; x_wconf 86' lang='lat' dir='ltr'>Administrant</span> <span class='ocrx_word' id='word_1_244' title='bbox 1123 3053 1201 3103; x_wconf 88' lang='lat' dir='ltr'>certe</span> <span class='ocrx_word' id='word_1_245' title='bbox 1223 3045 1404 3120; x_wconf 87' lang='lat' dir='ltr'>quicumque</span> 
     </span>
     <span class='ocr_line' id='line_1_26' title="bbox 68 3147 1405 3223; baseline -0.001 -19"><span class='ocrx_word' id='word_1_246' title='bbox 68 3148 220 3223; x_wconf 91' lang='lat' dir='ltr'>publicum</span> <span class='ocrx_word' id='word_1_247' title='bbox 244 3147 373 3205; x_wconf 84' lang='lat' dir='ltr'>officium</span> <span class='ocrx_word' id='word_1_248' title='bbox 397 3154 512 3221; x_wconf 90' lang='lat' dir='ltr'>gerunt,</span> <span class='ocrx_word' id='word_1_249' title='bbox 536 3162 658 3222; x_wconf 87' lang='lat' dir='ltr'>praeses</span> <span class='ocrx_word' id='word_1_250' title='bbox 681 3147 853 3222; x_wconf 89' lang='lat' dir='ltr'>provinciae</span> <span class='ocrx_word' id='word_1_251' title='bbox 876 3158 906 3205; x_wconf 89' lang='grc'>11</span> <span class='ocrx_word' id='word_1_252' title='bbox 927 3148 1084 3205; x_wconf 89' lang='lat' dir='ltr'>rationalis</span> <span class='ocrx_word' id='word_1_253' title='bbox 1108 3166 1290 3205; x_wconf 89' lang='lat' dir='ltr'>summarum</span> <span class='ocrx_word' id='word_1_254' title='bbox 1312 3154 1341 3203; x_wconf 89' lang='lat' dir='ltr'>et</span> <span class='ocrx_word' id='word_1_255' title='bbox 1361 3147 1405 3203; x_wconf 88' lang='lat' dir='ltr'>sic</span> 
     </span>
     <span class='ocr_line' id='line_1_27' title="bbox 70 3247 1403 3335; baseline -0.002 -28"><span class='ocrx_word' id='word_1_256' title='bbox 70 3249 220 3325; x_wconf 90' lang='lat' dir='ltr'>deinceps,</span> <span class='ocrx_word' id='word_1_257' title='bbox 243 3250 417 3323; x_wconf 80' lang='lat' dir='ltr'>videturque</span> <span class='ocrx_word' id='word_1_258' title='bbox 440 3248 585 3307; x_wconf 89' lang='lat' dir='ltr'>vocabulo</span> <span class='ocrx_word' id='word_1_259' title='bbox 608 3248 860 3335; x_wconf 75' lang='lat' dir='ltr'>administratoris</span> <span class='ocrx_word' id='word_1_260' title='bbox 883 3258 961 3307; x_wconf 89' lang='lat' dir='ltr'>recte</span> <span class='ocrx_word' id='word_1_261' title='bbox 982 3250 1093 3325; x_wconf 88' lang='lat' dir='ltr'>opponi</span> <span class='ocrx_word' id='word_1_262' title='bbox 1114 3250 1238 3307; x_wconf 86' lang='lat' dir='ltr'>alterum</span> <span class='ocrx_word' id='word_1_263' title='bbox 1255 3247 1403 3319; x_wconf 83' lang='lat' dir='ltr'>officialis,</span> 
     </span>
     <span class='ocr_line' id='line_1_28' title="bbox 71 3350 1404 3428; baseline -0.002 -20"><span class='ocrx_word' id='word_1_264' title='bbox 71 3362 104 3409; x_wconf 90' lang='lat' dir='ltr'>ut</span> <span class='ocrx_word' id='word_1_265' title='bbox 125 3351 174 3409; x_wconf 89' lang='lat' dir='ltr'>ille</span> <span class='ocrx_word' id='word_1_266' title='bbox 198 3352 316 3428; x_wconf 90' lang='lat' dir='ltr'>publica</span> <span class='ocrx_word' id='word_1_267' title='bbox 337 3351 457 3427; x_wconf 87' lang='lat' dir='ltr'>negotia</span> <span class='ocrx_word' id='word_1_268' title='bbox 479 3360 573 3427; x_wconf 86' lang='lat' dir='ltr'>gerat,</span> <span class='ocrx_word' id='word_1_269' title='bbox 596 3350 644 3407; x_wconf 90' lang='lat' dir='ltr'>hic</span> <span class='ocrx_word' id='word_1_270' title='bbox 666 3352 779 3427; x_wconf 88' lang='lat' dir='ltr'>gerenti</span> <span class='ocrx_word' id='word_1_271' title='bbox 800 3364 903 3426; x_wconf 88' lang='lat' dir='ltr'>pareat</span> <span class='ocrx_word' id='word_1_272' title='bbox 918 3363 947 3410; x_wconf 91' lang='lat' dir='ltr'>et</span> <span class='ocrx_word' id='word_1_273' title='bbox 962 3360 1115 3427; x_wconf 89' lang='lat' dir='ltr'>appareat.</span> <span class='ocrx_word' id='word_1_274' title='bbox 1153 3350 1213 3410; x_wconf 87' lang='lat' dir='ltr'>Sed</span> <span class='ocrx_word' id='word_1_275' title='bbox 1229 3352 1293 3409; x_wconf 93' lang='lat' dir='ltr'>eius</span> <span class='ocrx_word' id='word_1_276' title='bbox 1308 3350 1404 3426; x_wconf 89' lang='lat' dir='ltr'>digni-</span> 
     </span>
     <span class='ocr_line' id='line_1_29' title="bbox 70 3452 1404 3531; baseline 0 -20"><span class='ocrx_word' id='word_1_277' title='bbox 70 3454 141 3511; x_wconf 86' lang='lat' dir='ltr'>tatis</span> <span class='ocrx_word' id='word_1_278' title='bbox 163 3454 418 3512; x_wconf 85' lang='lat' dir='ltr'>administratores</span> <span class='ocrx_word' id='word_1_279' title='bbox 442 3453 535 3510; x_wconf 82' lang='lat' dir='ltr'>hiasi</span> <span class='ocrx_word' id='word_1_280' title='bbox 559 3452 771 3528; x_wconf 83' lang='lat' dir='ltr'>significantur,</span> <span class='ocrx_word' id='word_1_281' title='bbox 795 3454 847 3511; x_wconf 84' lang='lat' dir='ltr'>vix</span> <span class='ocrx_word' id='word_1_282' title='bbox 870 3453 1003 3531; x_wconf 84' lang='lat' dir='ltr'>intellegi</span> <span class='ocrx_word' id='word_1_283' title='bbox 1027 3462 1134 3530; x_wconf 91' lang='lat' dir='ltr'>potest,</span> <span class='ocrx_word' id='word_1_284' title='bbox 1157 3473 1209 3512; x_wconf 91' lang='lat' dir='ltr'>cur</span> <span class='ocrx_word' id='word_1_285' title='bbox 1227 3452 1404 3511; x_wconf 89' lang='lat' dir='ltr'>vocabulum</span> 
     </span>
     <span class='ocr_line' id='line_1_30' title="bbox 70 3555 1404 3630; baseline -0.001 -18"><span class='ocrx_word' id='word_1_286' title='bbox 70 3555 216 3615; x_wconf 89' lang='lat' dir='ltr'>adiectum</span> <span class='ocrx_word' id='word_1_287' title='bbox 239 3558 290 3627; x_wconf 91' lang='lat' dir='ltr'>sit;</span> <span class='ocrx_word' id='word_1_288' title='bbox 313 3556 343 3613; x_wconf 86' lang='grc' dir='ltr'>1ιί</span> <span class='ocrx_word' id='word_1_289' title='bbox 366 3556 443 3612; x_wconf 90' lang='lat' dir='ltr'>cuim</span> <span class='ocrx_word' id='word_1_290' title='bbox 468 3555 726 3613; x_wconf 87' lang='lat' dir='ltr'>administratores</span> <span class='ocrx_word' id='word_1_291' title='bbox 749 3555 1041 3630; x_wconf 87' lang='lat' dir='ltr'>comprehenduntur</span> <span class='ocrx_word' id='word_1_292' title='bbox 1063 3574 1164 3614; x_wconf 91' lang='lat' dir='ltr'>omnes</span> <span class='ocrx_word' id='word_1_293' title='bbox 1189 3565 1240 3612; x_wconf 91' lang='lat' dir='ltr'>aut</span> <span class='ocrx_word' id='word_1_294' title='bbox 1260 3556 1404 3614; x_wconf 89' lang='lat' dir='ltr'>senatori-</span> 
     </span>
     <span class='ocr_line' id='line_1_31' title="bbox 69 3654 1404 3734; baseline -0.001 -19"><span class='ocrx_word' id='word_1_295' title='bbox 69 3659 127 3716; x_wconf 91' lang='lat' dir='ltr'>bus</span> <span class='ocrx_word' id='word_1_296' title='bbox 151 3668 202 3716; x_wconf 89' lang='lat' dir='ltr'>aut</span> <span class='ocrx_word' id='word_1_297' title='bbox 223 3672 300 3716; x_wconf 86' lang='lat' dir='ltr'>certe</span> <span class='ocrx_word' id='word_1_298' title='bbox 322 3657 490 3715; x_wconf 89' lang='lat' dir='ltr'>comitibus.</span> <span class='ocrx_word' id='word_1_299' title='bbox 529 3654 634 3730; x_wconf 90' lang='lat' dir='ltr'>Neque</span> <span class='ocrx_word' id='word_1_300' title='bbox 657 3657 889 3715; x_wconf 91' lang='lat' dir='ltr'>obliviscendum</span> <span class='ocrx_word' id='word_1_301' title='bbox 912 3666 967 3727; x_wconf 92' lang='lat' dir='ltr'>cst,</span> <span class='ocrx_word' id='word_1_302' title='bbox 990 3677 1055 3715; x_wconf 90' lang='lat' dir='ltr'>cum</span> <span class='ocrx_word' id='word_1_303' title='bbox 1072 3669 1177 3734; x_wconf 90' lang='lat' dir='ltr'>agatur</span> <span class='ocrx_word' id='word_1_304' title='bbox 1192 3658 1228 3714; x_wconf 93' lang='lat' dir='ltr'>de</span> <span class='ocrx_word' id='word_1_305' title='bbox 1245 3657 1404 3715; x_wconf 80' lang='lat' dir='ltr'>salut-ando</span> 
     </span>
     <span class='ocr_line' id='line_1_32' title="bbox 71 3758 1404 3836; baseline -0.002 -17"><span class='ocrx_word' id='word_1_306' title='bbox 71 3762 207 3836; x_wconf 85' lang='lat' dir='ltr'>praeside</span> <span class='ocrx_word' id='word_1_307' title='bbox 223 3759 393 3827; x_wconf 88' lang='lat' dir='ltr'>Numidiae,</span> <span class='ocrx_word' id='word_1_308' title='bbox 416 3759 596 3815; x_wconf 80' lang='lat' dir='ltr'>salutatores</span> <span class='ocrx_word' id='word_1_309' title='bbox 620 3758 805 3833; x_wconf 90' lang='lat' dir='ltr'>potissimum</span> <span class='ocrx_word' id='word_1_310' title='bbox 826 3760 1012 3833; x_wconf 89' lang='lat' dir='ltr'>quaerendos</span> <span class='ocrx_word' id='word_1_311' title='bbox 1029 3777 1095 3815; x_wconf 85' lang='lat' dir='ltr'>esse</span> <span class='ocrx_word' id='word_1_312' title='bbox 1111 3761 1188 3817; x_wconf 88' lang='lat' dir='ltr'>inter</span> <span class='ocrx_word' id='word_1_313' title='bbox 1202 3759 1404 3834; x_wconf 84' lang='lat' dir='ltr'>provinciales</span> 
     </span>
     <span class='ocr_line' id='line_1_33' title="bbox 72 3859 1405 3936; baseline -0.001 -17"><span class='ocrx_word' id='word_1_314' title='bbox 72 3864 98 3920; x_wconf 91' lang='lat' dir='ltr'>ei</span> <span class='ocrx_word' id='word_1_315' title='bbox 124 3862 256 3921; x_wconf 91' lang='lat' dir='ltr'>subditos</span> <span class='ocrx_word' id='word_1_316' title='bbox 280 3869 308 3917; x_wconf 88' lang='lat' dir='ltr'>et</span> <span class='ocrx_word' id='word_1_317' title='bbox 334 3862 389 3917; x_wconf 90' lang='lat' dir='ltr'>hoc</span> <span class='ocrx_word' id='word_1_318' title='bbox 414 3861 481 3918; x_wconf 90' lang='lat' dir='ltr'>loco</span> <span class='ocrx_word' id='word_1_319' title='bbox 509 3859 765 3917; x_wconf 88' lang='lat' dir='ltr'>administratores</span> <span class='ocrx_word' id='word_1_320' title='bbox 792 3871 872 3918; x_wconf 88' lang='lat' dir='ltr'>recte</span> <span class='ocrx_word' id='word_1_321' title='bbox 898 3861 1030 3936; x_wconf 89' lang='lat' dir='ltr'>intellegi</span> <span class='ocrx_word' id='word_1_322' title='bbox 1057 3880 1108 3919; x_wconf 89' lang='lat' dir='ltr'>eos</span> <span class='ocrx_word' id='word_1_323' title='bbox 1137 3862 1325 3935; x_wconf 88' lang='lat' dir='ltr'>praesertim,</span> <span class='ocrx_word' id='word_1_324' title='bbox 1354 3861 1405 3936; x_wconf 89' lang='lat' dir='ltr'>qui</span> 
     </span>
     <span class='ocr_line' id='line_1_34' title="bbox 72 3961 1404 4039; baseline -0.002 -17"><span class='ocrx_word' id='word_1_325' title='bbox 72 3966 127 4024; x_wconf 89' lang='lat' dir='ltr'>snb</span> <span class='ocrx_word' id='word_1_326' title='bbox 150 3966 215 4039; x_wconf 88' lang='lat' dir='ltr'>ipso</span> <span class='ocrx_word' id='word_1_327' title='bbox 239 3963 456 4021; x_wconf 87' lang='lat' dir='ltr'>administrant.</span> <span class='ocrx_word' id='word_1_328' title='bbox 494 3962 542 4018; x_wconf 87' lang='lat' dir='ltr'>Ita</span> <span class='ocrx_word' id='word_1_329' title='bbox 561 3962 695 4018; x_wconf 91' lang='lat' dir='ltr'>ducimur</span> <span class='ocrx_word' id='word_1_330' title='bbox 710 3961 747 4018; x_wconf 89' lang='lat' dir='ltr'>ad</span> <span class='ocrx_word' id='word_1_331' title='bbox 763 3964 957 4038; x_wconf 85' lang='lat' dir='ltr'>magistratus</span> <span class='ocrx_word' id='word_1_332' title='bbox 973 3962 1177 4038; x_wconf 86' lang='lat' dir='ltr'>municipales,</span> <span class='ocrx_word' id='word_1_333' title='bbox 1201 3963 1312 4038; x_wconf 89' lang='lat' dir='ltr'>quippe</span> <span class='ocrx_word' id='word_1_334' title='bbox 1328 3979 1404 4038; x_wconf 89' lang='lat' dir='ltr'>quos</span> 
     </span>
     <span class='ocr_line' id='line_1_35' title="bbox 73 4063 1404 4142; baseline -0.005 -16"><span class='ocrx_word' id='word_1_335' title='bbox 73 4074 186 4126; x_wconf 86' lang='lat' dir='ltr'>constet</span> <span class='ocrx_word' id='word_1_336' title='bbox 206 4075 235 4124; x_wconf 92' lang='lat' dir='ltr'>et</span> <span class='ocrx_word' id='word_1_337' title='bbox 258 4066 341 4142; x_wconf 89' lang='lat' dir='ltr'>ipsos</span> <span class='ocrx_word' id='word_1_338' title='bbox 365 4063 621 4122; x_wconf 89' lang='lat' dir='ltr'>administravisse</span> <span class='ocrx_word' id='word_1_339' title='bbox 643 4071 672 4121; x_wconf 93' lang='lat' dir='ltr'>ct</span> <span class='ocrx_word' id='word_1_340' title='bbox 694 4081 765 4121; x_wconf 92' lang='lat' dir='ltr'>snos</span> <span class='ocrx_word' id='word_1_341' title='bbox 788 4064 930 4122; x_wconf 87' lang='lat' dir='ltr'>habuisse</span> <span class='ocrx_word' id='word_1_342' title='bbox 953 4064 1106 4123; x_wconf 80' lang='lat' dir='ltr'>officiales.</span> <span class='ocrx_word' id='word_1_343' title='bbox 1144 4063 1245 4121; x_wconf 84' lang='lat' dir='ltr'>Etiam</span> <span class='ocrx_word' id='word_1_344' title='bbox 1267 4064 1297 4121; x_wconf 88' lang='lat' dir='ltr'>in</span> <span class='ocrx_word' id='word_1_345' title='bbox 1318 4064 1404 4121; x_wconf 89' lang='lat' dir='ltr'>titulo</span> 
     </span>
     <span class='ocr_line' id='line_1_36' title="bbox 72 4161 1404 4241; baseline -0.002 -14"><span class='ocrx_word' id='word_1_346' title='bbox 72 4169 183 4227; x_wconf 87' lang='lat' dir='ltr'>codicis</span> <span class='ocrx_word' id='word_1_347' title='bbox 207 4166 412 4226; x_wconf 82' lang='lat' dir='ltr'>Tlreodosinni</span> <span class='ocrx_word' id='word_1_348' title='bbox 432 4161 482 4223; x_wconf 81' lang='lat' dir='ltr'>‘de</span> <span class='ocrx_word' id='word_1_349' title='bbox 503 4167 538 4223; x_wconf 92' lang='lat' dir='ltr'>iis</span> <span class='ocrx_word' id='word_1_350' title='bbox 562 4185 637 4241; x_wconf 90' lang='lat' dir='ltr'>quae</span> <span class='ocrx_word' id='word_1_351' title='bbox 660 4166 935 4224; x_wconf 88' lang='lat' dir='ltr'>administrantibus</span> <span class='ocrx_word' id='word_1_352' title='bbox 958 4166 1004 4222; x_wconf 89' lang='lat' dir='ltr'>vel</span> <span class='ocrx_word' id='word_1_353' title='bbox 1028 4166 1158 4223; x_wconf 88' lang='lat' dir='ltr'>officinm</span> <span class='ocrx_word' id='word_1_354' title='bbox 1182 4165 1332 4240; x_wconf 89' lang='lat' dir='ltr'>publicum</span> <span class='ocrx_word' id='word_1_355' title='bbox 1355 4184 1404 4241; x_wconf 88' lang='lat' dir='ltr'>ge·</span> 
     </span>
     <span class='ocr_line' id='line_1_37' title="bbox 71 4263 1406 4344; baseline -0.001 -17"><span class='ocrx_word' id='word_1_356' title='bbox 71 4270 205 4328; x_wconf 90' lang='lat' dir='ltr'>rentibus</span> <span class='ocrx_word' id='word_1_357' title='bbox 228 4271 370 4328; x_wconf 89' lang='lat' dir='ltr'>distracta</span> <span class='ocrx_word' id='word_1_358' title='bbox 391 4268 438 4326; x_wconf 88' lang='lat' dir='ltr'>vel</span> <span class='ocrx_word' id='word_1_359' title='bbox 462 4268 570 4326; x_wconf 87' lang='lat' dir='ltr'>donata</span> <span class='ocrx_word' id='word_1_360' title='bbox 593 4263 673 4326; x_wconf 88' lang='lat' dir='ltr'>sunt‘</span> <span class='ocrx_word' id='word_1_361' title='bbox 699 4287 774 4344; x_wconf 90' lang='lat' dir='ltr'>quae</span> <span class='ocrx_word' id='word_1_362' title='bbox 798 4268 986 4337; x_wconf 91' lang='lat' dir='ltr'>sanciuntur,</span> <span class='ocrx_word' id='word_1_363' title='bbox 1014 4267 1061 4324; x_wconf 89' lang='lat' dir='ltr'>vel</span> <span class='ocrx_word' id='word_1_364' title='bbox 1083 4268 1120 4324; x_wconf 89' lang='lat' dir='ltr'>ad</span> <span class='ocrx_word' id='word_1_365' title='bbox 1147 4285 1290 4342; x_wconf 88' lang='lat' dir='ltr'>pagorum</span> <span class='ocrx_word' id='word_1_366' title='bbox 1319 4287 1406 4343; x_wconf 88' lang='lat' dir='ltr'>prae·</span> 
     </span>
     <span class='ocr_line' id='line_1_38' title="bbox 70 4368 1404 4450; baseline -0.001 -21"><span class='ocrx_word' id='word_1_367' title='bbox 70 4372 188 4450; x_wconf 90' lang='lat' dir='ltr'>positos</span> <span class='ocrx_word' id='word_1_368' title='bbox 211 4373 370 4430; x_wconf 85' lang='lat' dir='ltr'>trabuntur</span> <span class='ocrx_word' id='word_1_369' title='bbox 393 4368 441 4441; x_wconf 90' lang='lat' dir='ltr'>(C.</span> <span class='ocrx_word' id='word_1_370' title='bbox 458 4369 514 4427; x_wconf 84' lang='lat' dir='ltr'>Tn.</span> <span class='ocrx_word' id='word_1_371' title='bbox 533 4370 560 4441; x_wconf 87' lang='lat'>8,</span> <span class='ocrx_word' id='word_1_372' title='bbox 580 4371 628 4440; x_wconf 82' lang='grc'>15,</span> <span class='ocrx_word' id='word_1_373' title='bbox 647 4368 688 4443; x_wconf 94' lang='grc'>1),</span> <span class='ocrx_word' id='word_1_374' title='bbox 711 4378 740 4427; x_wconf 88' lang='grc'>11</span> <span class='ocrx_word' id='word_1_375' title='bbox 760 4369 849 4427; x_wconf 89' lang='lat' dir='ltr'>modo</span> <span class='ocrx_word' id='word_1_376' title='bbox 872 4370 1000 4427; x_wconf 90' lang='lat' dir='ltr'>vidimus</span> <span class='ocrx_word' id='word_1_377' title='bbox 1023 4388 1061 4427; x_wconf 89' lang='lat' dir='ltr'>ex</span> <span class='ocrx_word' id='word_1_378' title='bbox 1084 4369 1242 4427; x_wconf 89' lang='lat' dir='ltr'>comitibus</span> <span class='ocrx_word' id='word_1_379' title='bbox 1262 4370 1404 4428; x_wconf 89' lang='lat' dir='ltr'>honorem</span> 
     </span>
     <span class='ocr_line' id='line_1_39' title="bbox 71 4472 1404 4551; baseline -0.002 -18"><span class='ocrx_word' id='word_1_380' title='bbox 71 4475 220 4533; x_wconf 86' lang='lat' dir='ltr'>sacerdoti</span> <span class='ocrx_word' id='word_1_381' title='bbox 243 4473 411 4551; x_wconf 86' lang='lat' dir='ltr'>provinciae</span> <span class='ocrx_word' id='word_1_382' title='bbox 435 4482 464 4529; x_wconf 90' lang='lat' dir='ltr'>et</span> <span class='ocrx_word' id='word_1_383' title='bbox 486 4472 645 4547; x_wconf 89' lang='lat' dir='ltr'>principali</span> <span class='ocrx_word' id='word_1_384' title='bbox 668 4472 767 4529; x_wconf 87' lang='lat' dir='ltr'>curiae</span> <span class='ocrx_word' id='word_1_385' title='bbox 789 4472 877 4530; x_wconf 87' lang='lat' dir='ltr'>tribui</span> <span class='ocrx_word' id='word_1_386' title='bbox 903 4472 999 4530; x_wconf 89' lang='lat' dir='ltr'>solere</span> <span class='ocrx_word' id='word_1_387' title='bbox 1022 4480 1143 4548; x_wconf 89' lang='lat' dir='ltr'>propter</span> <span class='ocrx_word' id='word_1_388' title='bbox 1164 4491 1226 4529; x_wconf 92' lang='lat' dir='ltr'>rem</span> <span class='ocrx_word' id='word_1_389' title='bbox 1255 4472 1404 4549; x_wconf 86' lang='lat' dir='ltr'>publicam</span> 
     </span>
     <span class='ocr_line' id='line_1_40' title="bbox 70 4573 1406 4648; baseline -0.001 -14"><span class='ocrx_word' id='word_1_390' title='bbox 70 4586 150 4635; x_wconf 88' lang='lat' dir='ltr'>recte</span> <span class='ocrx_word' id='word_1_391' title='bbox 173 4577 421 4634; x_wconf 86' lang='lat' dir='ltr'>administratam.</span> <span class='ocrx_word' id='word_1_392' title='bbox 459 4573 639 4648; x_wconf 87' lang='lat' dir='ltr'>Principalis</span> <span class='ocrx_word' id='word_1_393' title='bbox 662 4580 759 4631; x_wconf 89' lang='lat' dir='ltr'>autem</span> <span class='ocrx_word' id='word_1_394' title='bbox 783 4574 883 4632; x_wconf 88' lang='lat' dir='ltr'>curiae</span> <span class='ocrx_word' id='word_1_395' title='bbox 906 4574 931 4631; x_wconf 88' lang='lat' dir='ltr'>si</span> <span class='ocrx_word' id='word_1_396' title='bbox 955 4574 1212 4632; x_wconf 90' lang='lat' dir='ltr'>administratione</span> <span class='ocrx_word' id='word_1_397' title='bbox 1231 4590 1306 4632; x_wconf 91' lang='lat' dir='ltr'>rcctc</span> <span class='ocrx_word' id='word_1_398' title='bbox 1322 4575 1406 4633; x_wconf 88' lang='lat' dir='ltr'>finita</span> 
     </span>
     <span class='ocr_line' id='line_1_41' title="bbox 71 4675 1405 4755; baseline -0.002 -19"><span class='ocrx_word' id='word_1_399' title='bbox 71 4680 168 4755; x_wconf 88' lang='lat' dir='ltr'>primo</span> <span class='ocrx_word' id='word_1_400' title='bbox 194 4678 287 4754; x_wconf 89' lang='lat' dir='ltr'>gradu</span> <span class='ocrx_word' id='word_1_401' title='bbox 315 4690 437 4735; x_wconf 89' lang='lat' dir='ltr'>vocatur</span> <span class='ocrx_word' id='word_1_402' title='bbox 463 4686 585 4751; x_wconf 90' lang='lat' dir='ltr'>propter</span> <span class='ocrx_word' id='word_1_403' title='bbox 614 4676 797 4746; x_wconf 84' lang='lat' dir='ltr'>comitivam,</span> <span class='ocrx_word' id='word_1_404' title='bbox 830 4677 988 4734; x_wconf 88' lang='lat' dir='ltr'>admodum</span> <span class='ocrx_word' id='word_1_405' title='bbox 1017 4676 1170 4750; x_wconf 90' lang='lat' dir='ltr'>probabile</span> <span class='ocrx_word' id='word_1_406' title='bbox 1197 4686 1243 4734; x_wconf 90' lang='lat' dir='ltr'>cst</span> <span class='ocrx_word' id='word_1_407' title='bbox 1268 4676 1298 4733; x_wconf 93' lang='lat' dir='ltr'>id</span> <span class='ocrx_word' id='word_1_408' title='bbox 1326 4675 1405 4751; x_wconf 94' lang='lat' dir='ltr'>quod</span> 
     </span>
     <span class='ocr_line' id='line_1_42' title="bbox 71 4777 1406 4857; baseline -0.001 -19"><span class='ocrx_word' id='word_1_409' title='bbox 71 4783 208 4856; x_wconf 87' lang='lat' dir='ltr'>sequitur</span> <span class='ocrx_word' id='word_1_410' title='bbox 229 4781 377 4857; x_wconf 87' lang='lat' dir='ltr'>pertinere</span> <span class='ocrx_word' id='word_1_411' title='bbox 404 4780 441 4836; x_wconf 88' lang='lat' dir='ltr'>ad</span> <span class='ocrx_word' id='word_1_412' title='bbox 468 4778 591 4835; x_wconf 89' lang='lat' dir='ltr'>cundem</span> <span class='ocrx_word' id='word_1_413' title='bbox 619 4777 769 4835; x_wconf 91' lang='lat' dir='ltr'>etiamtum</span> <span class='ocrx_word' id='word_1_414' title='bbox 797 4779 1070 4847; x_wconf 68' lang='lat' dir='ltr'>administrantem</span> <span class='ocrx_word' id='word_1_415' title='bbox 1103 4798 1158 4836; x_wconf 91' lang='lat' dir='ltr'>nec</span> <span class='ocrx_word' id='word_1_416' title='bbox 1183 4777 1271 4834; x_wconf 83' lang='lat' dir='ltr'>facilc</span> <span class='ocrx_word' id='word_1_417' title='bbox 1298 4777 1406 4836; x_wconf 84' lang='lat' dir='ltr'>abessa</span> 
     </span>
     <span class='ocr_line' id='line_1_43' title="bbox 71 4878 1406 4960; baseline -0.004 -19"><span class='ocrx_word' id='word_1_418' title='bbox 71 4893 200 4960; x_wconf 90' lang='lat' dir='ltr'>possunt</span> <span class='ocrx_word' id='word_1_419' title='bbox 222 4884 259 4941; x_wconf 92' lang='lat' dir='ltr'>ab</span> <span class='ocrx_word' id='word_1_420' title='bbox 282 4881 425 4940; x_wconf 84' lang='lat' dir='ltr'>eiusmodi</span> <span class='ocrx_word' id='word_1_421' title='bbox 447 4879 549 4937; x_wconf 91' lang='lat' dir='ltr'>ordine</span> <span class='ocrx_word' id='word_1_422' title='bbox 572 4880 720 4937; x_wconf 88' lang='lat' dir='ltr'>salutandi</span> <span class='ocrx_word' id='word_1_423' title='bbox 743 4881 906 4938; x_wconf 83' lang='lat' dir='ltr'>civitatium</span> <span class='ocrx_word' id='word_1_424' title='bbox 927 4878 1155 4937; x_wconf 88' lang='lat' dir='ltr'>Numidicarum</span> <span class='ocrx_word' id='word_1_425' title='bbox 1180 4880 1228 4936; x_wconf 84' lang='lat' dir='ltr'>vel</span> <span class='ocrx_word' id='word_1_426' title='bbox 1249 4884 1406 4938; x_wconf 87' lang='lat' dir='ltr'>universae</span> 
     </span>
     <span class='ocr_line' id='line_1_44' title="bbox 71 4981 1406 5062; baseline -0.003 -20"><span class='ocrx_word' id='word_1_427' title='bbox 71 4986 243 5062; x_wconf 88' lang='lat' dir='ltr'>provinciae</span> <span class='ocrx_word' id='word_1_428' title='bbox 265 4986 315 5061; x_wconf 92' lang='lat' dir='ltr'>qui</span> <span class='ocrx_word' id='word_1_429' title='bbox 336 5004 384 5043; x_wconf 88' lang='lat' dir='ltr'>res</span> <span class='ocrx_word' id='word_1_430' title='bbox 403 4994 510 5061; x_wconf 90' lang='lat' dir='ltr'>gerunt</span> <span class='ocrx_word' id='word_1_431' title='bbox 529 4983 584 5040; x_wconf 91' lang='lat' dir='ltr'>sub</span> <span class='ocrx_word' id='word_1_432' title='bbox 606 4982 765 5040; x_wconf 90' lang='lat' dir='ltr'>consulari.</span> <span class='ocrx_word' id='word_1_433' title='bbox 802 4982 828 5039; x_wconf 92' lang='lat' dir='ltr'>li</span> <span class='ocrx_word' id='word_1_434' title='bbox 848 4983 971 5059; x_wconf 83' lang='lat' dir='ltr'>quinam</span> <span class='ocrx_word' id='word_1_435' title='bbox 991 5001 1027 5041; x_wconf 92' lang='lat' dir='ltr'>eo</span> <span class='ocrx_word' id='word_1_436' title='bbox 1049 4990 1183 5059; x_wconf 88' lang='lat' dir='ltr'>tempore</span> <span class='ocrx_word' id='word_1_437' title='bbox 1205 4981 1327 5053; x_wconf 86' lang='lat' dir='ltr'>fuerint,</span> <span class='ocrx_word' id='word_1_438' title='bbox 1349 4982 1406 5039; x_wconf 92' lang='lat' dir='ltr'>hoc</span> 
     </span>
    </p>
   </div>
   <div class='ocr_carea' id='block_1_3' title="bbox 74 5120 278 5129">
    <p class='ocr_par' dir='ltr' id='par_1_5' title="bbox 74 5120 278 5129">
     <span class='ocr_line' id='line_1_45' title="bbox 74 5120 278 5129; baseline 0 0"><span class='ocrx_word' id='word_1_439' title='bbox 74 5120 264 5129; x_wconf 69' lang='grc' dir='ltr'>ι--.-.--..--</span> <span class='ocrx_word' id='word_1_440' title='bbox 271 5122 278 5129; x_wconf 77' lang='grc' dir='ltr'>-ι</span> 
     </span>
    </p>
   </div>
   <div class='ocr_carea' id='block_1_4' title="bbox 130 5178 1244 5352">
    <p class='ocr_par' dir='ltr' id='par_1_6' title="bbox 130 5178 1244 5352">
     <span class='ocr_line' id='line_1_46' title="bbox 130 5178 1244 5267; baseline -0.004 -12"><span class='ocrx_word' id='word_1_441' title='bbox 130 5203 152 5266; x_wconf 90' lang='grc'>1)</span> <span class='ocrx_word' id='word_1_442' title='bbox 174 5204 267 5255; x_wconf 76' lang='grc'>111.</span> <span class='ocrx_word' id='word_1_443' title='bbox 285 5205 327 5265; x_wconf 80' lang='lat'>12,</span> <span class='ocrx_word' id='word_1_444' title='bbox 344 5206 366 5265; x_wconf 90' lang='lat'>1,</span> <span class='ocrx_word' id='word_1_445' title='bbox 384 5203 433 5252; x_wconf 80' lang='lat' dir='ltr'>tar</span> <span class='ocrx_word' id='word_1_446' title='bbox 455 5202 515 5252; x_wconf 75' lang='lat' dir='ltr'>anns</span> <span class='ocrx_word' id='word_1_447' title='bbox 535 5202 596 5252; x_wconf 84' lang='lat' dir='ltr'>aaa.</span> <span class='ocrx_word' id='word_1_448' title='bbox 634 5200 738 5253; x_wconf 79' lang='lat' dir='ltr'>simun</span> <span class='ocrx_word' id='word_1_449' title='bbox 755 5200 928 5267; x_wconf 67' lang='lat' dir='ltr'>annonantur</span> <span class='ocrx_word' id='word_1_450' title='bbox 945 5198 978 5255; x_wconf 84' lang='lat' dir='ltr'>c.</span> <span class='ocrx_word' id='word_1_451' title='bbox 990 5198 1043 5255; x_wconf 76' lang='lat' dir='ltr'>tn.</span> <span class='ocrx_word' id='word_1_452' title='bbox 1057 5200 1102 5265; x_wconf 74' lang='grc' dir='ltr'>ιι,</span> <span class='ocrx_word' id='word_1_453' title='bbox 1114 5200 1143 5265; x_wconf 79' lang='lat'>4,</span> <span class='ocrx_word' id='word_1_454' title='bbox 1157 5178 1187 5253; x_wconf 82' lang='lat' dir='ltr'>a&#39;</span> <span class='ocrx_word' id='word_1_455' title='bbox 1201 5200 1244 5251; x_wconf 84' lang='grc' dir='ltr'>ιο.</span> 
     </span>
     <span class='ocr_line' id='line_1_47' title="bbox 1146 5306 1201 5352; baseline 0 -8"><span class='ocrx_word' id='word_1_456' title='bbox 1146 5306 1201 5352; x_wconf 67' lang='lat'>⁴1*</span> 
     </span>
    </p>
   </div>
   <div class='ocr_carea' id='block_1_5' title="bbox 0 0 1735 5828">
    <p class='ocr_par' dir='ltr' id='par_1_7' title="bbox 0 0 1735 5828">
     <span class='ocr_line' id='line_1_48' title="bbox 0 0 1735 5828; baseline 0 0"><span class='ocrx_word' id='word_1_457' title='bbox 0 0 1735 5828; x_wconf 95' lang='lat' dir='ltr'> </span> 
     </span>
    </p>
   </div>
  </div>
 </body>
</html>
