3450 5828
200 505 271 577 262
607 527 789 579 nonusnn
818 526 1125 580 svmnnnsnnvn.

240 699 276 757 In
298 701 414 758 anticas
436 719 463 758 v.
486 699 503 758 8
531 700 658 758 traditur
680 715 806 759 ovrnvs.
831 733 867 743 -
891 699 917 774 Ι,
934 699 972 759 26
995 719 1176 778 quamquam
1197 701 1407 762 Heverfieldio
1432 703 1517 781 magis

182 802 294 861 risum
318 813 364 861 est
386 818 444 862 non
466 819 534 860 esse
560 819 649 877 quem
671 817 729 860 son
752 802 799 860 vel
821 817 881 861 con
905 802 1003 879 prima
1024 803 1125 862 littera
1147 813 1304 880 corrupte,
1332 803 1512 863 nihilominus
1560 860 1563 871 .

196 905 273 962 illud
295 904 392 981 posui.
416 937 454 945 —
477 903 550 973 ll‚2
573 913 624 962 aut
645 919 785 961 rvnrsruvs
806 911 859 962 cut
882 919 1043 963 nvcrsuvs.
1560 906 1563 947 Ι

239 1005 390 1064 Deficiunt
417 1005 547 1063 cohortis
574 999 687 1081 prims'e
714 1007 809 1080 prima
834 1006 955 1063 nomina
980 1008 1150 1084 perscripta
1176 1007 1243 1065 sine
1263 1006 1355 1066 dnbio
1375 1007 1407 1066 in
1428 1008 1505 1069 andos

196 1109 266 1180 imo,
289 1108 357 1165 item
381 1125 456 1183 quae
479 1111 556 1164 inter
577 1107 672 1165 latero
693 1107 752 1164 dno
769 1109 934 1184 intercepto
948 1117 1018 1166 sunt
1032 1115 1167 1167 extremo
1180 1109 1313 1168 cohortis
1324 1109 1375 1168 111
1387 1122 1417 1170 et
1428 1111 1502 1189 prins

196 1209 249 1281 IV,
273 1209 398 1284 denique
413 1209 442 1266 in
459 1209 517 1266 fine
532 1217 665 1267 extreme
678 1210 810 1268 cohortis
823 1209 884 1267 Vll
900 1220 929 1268 et
944 1210 1045 1268 omnia
1059 1211 1149 1270 trium
1164 1218 1390 1286 postremarum.
1413 1210 1501 1290 Super·

197 1321 266 1369 sunt
288 1311 398 1369 milites
412 1309 528 1379 XLVI,
550 1329 675 1387 quorum
690 1309 766 1369 XLI
789 1310 983 1387 (computatis
1003 1312 1173 1371 nominibus
1184 1311 1216 1371 X
1230 1313 1322 1372 hodie
1336 1313 1502 1391 semiplenis)

194 1413 289 1470 tribus
310 1413 483 1490 patriasque
505 1412 671 1488 adscriptas
693 1412 803 1471 habent
817 1413 1032 1484 habueruntve,
1054 1413 1084 1470 in
1100 1413 1219 1473 duobus
1235 1413 1275 1489 (Ι,
1292 1413 1441 1489 24.11,5)
1457 1415 1508 1475 tri·

195 1515 250 1572 bus
272 1514 384 1585 deficit,
412 1514 510 1590 patrio
531 1514 561 1571 in
584 1514 678 1571 tribus
702 1514 759 1589 (ΙΙ,
775 1513 824 1572 24.
841 1514 890 1574 25.
906 1513 970 1590 27).
1013 1514 1104 1575 Peter
1126 1516 1256 1575 omissus
1276 1523 1324 1575 est
1344 1519 1438 1575 sexies
1454 1514 1514 1589 (ΙΙ,

197 1614 243 1671 10.
264 1616 310 1673 13.
327 1615 374 1672 23.
392 1613 441 1671 24.
459 1613 506 1674 25.
524 1615 594 1689 29);
627 1617 677 1673 ubi
704 1616 874 1691 adscriptus
901 1626 960 1689 est,
985 1626 1131 1692 quotenus
1157 1634 1341 1694 praenomen
1367 1626 1523 1692 utrumqne

195 1726 338 1792 superest,
362 1725 516 1793 paternum
539 1724 569 1774 et
590 1714 644 1774 tilii
665 1717 743 1774 idem
765 1726 820 1776 est.
1472 1730 1477 1743 '

236 1818 401 1876 Numerum
416 1827 623 1876 veteranorum
639 1819 767 1896 legionis
779 1818 808 1876 Π
824 1818 973 1878 Traianae
989 1821 1145 1879 missorum
1167 1839 1194 1877 e.
1210 1821 1268 1880 194
1290 1828 1530 1880 consentaneum

195 1926 241 1978 est
262 1920 415 1995 aliquanto
438 1921 581 1977 minorem
604 1937 783 1996 essequam
810 1930 960 1996 repertum
987 1921 1018 1978 in
1044 1921 1134 1979 simili
1162 1921 1307 1981 laterculo
1329 1911 1531 1980 Troesmensi

195 2019 269 2080 (1.1.
286 2019 321 2078 L.
344 2020 409 2092 ΙΙΙ,
439 2020 518 2079 6178
547 2022 616 2078 anni
644 2021 758 2092 c.134;
791 2040 858 2080 nam
881 2021 1027 2080 Hadriani
1055 2030 1153 2081 aetate
1175 2023 1278 2082 missio
1305 2023 1344 2080 ed
1369 2021 1530 2083 biennium

193 2123 413 2200 porrigebatur,
442 2119 543 2181 Severi
571 2142 669 2180 annua
695 2123 773 2181 facta
795 2133 868 2181 erat.
917 2122 1079 2182 Praeterea
1103 2125 1193 2184 bellis
1220 2125 1313 2201 gestis
1340 2142 1394 2200 per
1413 2112 1526 2182 nldss

194 2226 233 2282 ad
255 2243 282 2282 u.
297 2223 355 2282 194
380 2233 410 2282 et
430 2224 479 2281 lue
500 2224 660 2283 eorundem
683 2243 828 2283 annorum
855 2225 943 2283 huius
973 2243 1090 2302 quoque
1114 2225 1242 2304 legionis
1269 2225 1379 2285 milites
1404 2220 1527 2301 eliqno‘

193 2327 367 2402 absumptos
389 2342 456 2384 esse
478 2325 640 2385 verisimile
661 2337 716 2384 est.

234 2426 282 2486 De
303 2427 409 2504 patriis
430 2446 508 2502 quae
529 2445 620 2502 supra
642 2447 670 2505 p.
688 2426 747 2484 206
770 2427 849 2487 dicto
870 2436 953 2500 sunt,
982 2446 1040 2486 non
1068 2435 1114 2487 est
1138 2428 1220 2506 quod
1246 2436 1389 2507 repetem.
1428 2425 1517 2488 Ordi‘

192 2529 341 2586 notionem
365 2528 406 2586 rei
429 2528 564 2586 militaris
586 2528 749 2587 laterculus
764 2530 883 2606 egregie
904 2529 1078 2602 illustraret,
1099 2531 1125 2588 si
1147 2530 1293 2608 integrum
1308 2549 1376 2590 eum
1396 2529 1513 2589 timer

192 2649 271 2702 rnus;
298 2649 366 2687 nam
390 2630 426 2688 de
448 2647 571 2687 nurnero
593 2630 792 2687 centuriarum
815 2631 928 2706 primae
951 2631 1082 2690 cohortis
1110 2632 1175 2691 sine
1195 2631 1287 2692 dubio
1309 2632 1380 2691 inde
1405 2626 1511 2707 ntiqui

192 2732 408 2790 didicissemus.
458 2734 498 2788 At
524 2750 560 2789 ea
586 2739 649 2788 tota
675 2732 737 2789 fere
763 2733 852 2808 periit
878 2751 1014 2809 quaeque
1040 2734 1172 2810 integrae
1200 2744 1364 2811 supersunt
1390 2730 1509 2793 secund!

192 2852 258 2890 curn
281 2832 421 2891 centuriis
445 2850 508 2902 sex,
530 2834 635 2908 quinta
656 2851 722 2890 cum
738 2834 879 2910 quinque,
902 2843 989 2892 sexte
1003 2853 1069 2892 cnm
1085 2836 1189 2906 tribus,
1211 2836 1249 2894 iis
1263 2854 1323 2894 non
1338 2834 1511 2912 proficimus.

191 2934 390 3011 Principales‚
418 2952 544 3010 quorum
572 2934 701 2992 officium
729 2944 846 3009 praeter
872 2936 1112 2995 consuetudinem
1141 2955 1247 2995 nomen
1273 2955 1332 2995 non
1360 2936 1514 3009 antecedit,

191 3035 243 3094 sed
266 3035 410 3111 sequitur,
431 3035 622 3093 inveniuntur
644 3053 710 3105 sex,
731 3038 923 3113 beneficiarius
942 3039 1081 3112 praefecti
1102 3037 1195 3109 1,14;
1217 3041 1294 3114 optio
1312 3038 1338 3109 1,
1355 3038 1412 3109 293
1433 3040 1516 3116 mpsi-

183 3139 244 3212 seri
264 3137 322 3194 duo
345 3135 370 3207 Ι,
389 3135 435 3195 l2.
453 3135 505 3208 243
529 3140 696 3196 temerarius
717 3136 742 3208 Ι,
758 3136 811 3209 273
834 3138 942 3197 urbicos
964 3139 989 3211 1,
1006 3139 1034 3210 7,
1057 3139 1119 3196 noti
1141 3156 1245 3198 omnes
1265 3149 1297 3197 et
1318 3140 1473 3219 vulgares.

1310 3323 1375 3385 ΤΗ.
1400 3326 1444 3386 ΙΙ.

618 5183 718 5233 Formis
738 5182 902 5256 Academicis
920 5182 964 5244 (G.
978 5182 1083 5249 Vogt).
