<?xml version="1.0" encoding="UTF-8"?>
<!DOCTYPE html PUBLIC "-//W3C//DTD XHTML 1.0 Transitional//EN"
    "http://www.w3.org/TR/xhtml1/DTD/xhtml1-transitional.dtd">
<html xmlns="http://www.w3.org/1999/xhtml" xml:lang="en" lang="en">
 <head>
  <title>
</title>
<meta http-equiv="Content-Type" content="text/html;charset=utf-8" />
  <meta name='ocr-system' content='tesseract 3.04.00' />
  <meta name='ocr-capabilities' content='ocr_page ocr_carea ocr_par ocr_line ocrx_word'/>
</head>
<body>
  <div class='ocr_page' id='page_1' title='image "./ephemerisepigra01instgoog_0643.png"; bbox 0 0 3450 5828; ppageno 0'>
   <div class='ocr_carea' id='block_1_1' title="bbox 457 480 1429 551">
    <p class='ocr_par' dir='ltr' id='par_1_1' title="bbox 457 480 1429 551">
     <span class='ocr_line' id='line_1_1' title="bbox 457 480 1429 551; baseline 0.002 -4"><span class='ocrx_word' id='word_1_1' title='bbox 457 497 763 549; x_wconf 76' lang='lat' dir='ltr'>oesateva&#39;nouus</span> <span class='ocrx_word' id='word_1_2' title='bbox 789 501 1074 551; x_wconf 78' lang='lat' dir='ltr'>nerounmncnu.</span> <span class='ocrx_word' id='word_1_3' title='bbox 1359 480 1429 551; x_wconf 80' lang='grc'>637</span> 
     </span>
    </p>
   </div>
   <div class='ocr_carea' id='block_1_2' title="bbox 106 599 1433 612">
    <p class='ocr_par' dir='ltr' id='par_1_2' title="bbox 106 599 1433 612">
     <span class='ocr_line' id='line_1_2' title="bbox 106 599 1433 612; baseline 0.002 -5"><span class='ocrx_word' id='word_1_4' title='bbox 106 599 374 610; x_wconf 64' lang='lat'>...—--—-——-—--—</span> <span class='ocrx_word' id='word_1_5' title='bbox 1116 602 1126 607; x_wconf 89' lang='lat'>-</span> <span class='ocrx_word' id='word_1_6' title='bbox 1164 602 1169 608; x_wconf 88' lang='lat'>-</span> <span class='ocrx_word' id='word_1_7' title='bbox 1178 603 1181 607; x_wconf 86' lang='lat'>.</span> <span class='ocrx_word' id='word_1_8' title='bbox 1190 603 1212 609; x_wconf 83' lang='grc'>-..</span> <span class='ocrx_word' id='word_1_9' title='bbox 1223 604 1278 610; x_wconf 90' lang='grc'>.-..-.</span> <span class='ocrx_word' id='word_1_10' title='bbox 1303 600 1433 612; x_wconf 74' lang='lat'>——--</span> 
     </span>
    </p>
   </div>
   <div class='ocr_carea' id='block_1_3' title="bbox 80 672 1430 4010">
    <p class='ocr_par' dir='ltr' id='par_1_3' title="bbox 80 672 1430 3604">
     <span class='ocr_line' id='line_1_3' title="bbox 94 672 1430 751; baseline 0.002 -23"><span class='ocrx_word' id='word_1_11' title='bbox 94 672 232 747; x_wconf 80' lang='lat' dir='ltr'>praeside</span> <span class='ocrx_word' id='word_1_12' title='bbox 254 688 342 746; x_wconf 83' lang='lat' dir='ltr'>agere</span> <span class='ocrx_word' id='word_1_13' title='bbox 365 672 507 745; x_wconf 89' lang='lat' dir='ltr'>potuisse.</span> <span class='ocrx_word' id='word_1_14' title='bbox 557 674 600 729; x_wconf 81' lang='lat' dir='ltr'>At</span> <span class='ocrx_word' id='word_1_15' title='bbox 621 674 741 748; x_wconf 82' lang='lat' dir='ltr'><strong>quinam</strong></span> <span class='ocrx_word' id='word_1_16' title='bbox 765 674 813 731; x_wconf 92' lang='lat' dir='ltr'>hic</span> <span class='ocrx_word' id='word_1_17' title='bbox 835 674 1046 750; x_wconf 80' lang='lat' dir='ltr'><strong>intellegantur</strong></span> <span class='ocrx_word' id='word_1_18' title='bbox 1071 674 1222 746; x_wconf 85' lang='lat' dir='ltr'>coronati,</span> <span class='ocrx_word' id='word_1_19' title='bbox 1252 693 1310 733; x_wconf 92' lang='lat' dir='ltr'>non</span> <span class='ocrx_word' id='word_1_20' title='bbox 1334 674 1430 751; x_wconf 80' lang='lat' dir='ltr'>magis</span> 
     </span>
     <span class='ocr_line' id='line_1_4' title="bbox 95 772 1430 852; baseline 0 -21"><span class='ocrx_word' id='word_1_21' title='bbox 95 774 284 851; x_wconf 83' lang='lat' dir='ltr'>exploratum</span> <span class='ocrx_word' id='word_1_22' title='bbox 308 774 401 847; x_wconf 74' lang='lat' dir='ltr'>estl).</span> <span class='ocrx_word' id='word_1_23' title='bbox 455 772 627 851; x_wconf 71' lang='lat' dir='ltr'>cogitaram</span> <span class='ocrx_word' id='word_1_24' title='bbox 652 776 687 831; x_wconf 91' lang='lat' dir='ltr'>de</span> <span class='ocrx_word' id='word_1_25' title='bbox 714 776 920 833; x_wconf 86' lang='lat' dir='ltr'>sacerdotibus</span> <span class='ocrx_word' id='word_1_26' title='bbox 947 776 1165 851; x_wconf 82' lang='lat' dir='ltr'>provinciarum</span> <span class='ocrx_word' id='word_1_27' title='bbox 1195 776 1282 833; x_wconf 89' lang='lat' dir='ltr'>tertio</span> <span class='ocrx_word' id='word_1_28' title='bbox 1309 785 1430 852; x_wconf 81' lang='lat' dir='ltr'>qumto-</span> 
     </span>
     <span class='ocr_line' id='line_1_5' title="bbox 96 875 1427 953; baseline 0.001 -21"><span class='ocrx_word' id='word_1_29' title='bbox 96 896 154 951; x_wconf 90' lang='lat' dir='ltr'>que</span> <span class='ocrx_word' id='word_1_30' title='bbox 177 875 298 933; x_wconf 87' lang='lat' dir='ltr'>saeculo</span> <span class='ocrx_word' id='word_1_31' title='bbox 322 886 530 933; x_wconf 80' lang='lat' dir='ltr'>coronatorum</span> <span class='ocrx_word' id='word_1_32' title='bbox 556 876 700 934; x_wconf 76' lang='lat' dir='ltr'>vocabulo</span> <span class='ocrx_word' id='word_1_33' title='bbox 723 876 843 953; x_wconf 73' lang='lat' dir='ltr'>usis²&#39;);</span> <span class='ocrx_word' id='word_1_34' title='bbox 867 878 920 935; x_wconf 88' lang='lat' dir='ltr'>sed</span> <span class='ocrx_word' id='word_1_35' title='bbox 943 878 1132 935; x_wconf 89' lang='lat' dir='ltr'>deterrebant</span> <span class='ocrx_word' id='word_1_36' title='bbox 1146 877 1299 935; x_wconf 88' lang='lat' dir='ltr'>obstaculo</span> <span class='ocrx_word' id='word_1_37' title='bbox 1315 878 1427 952; x_wconf 79' lang='lat' dir='ltr'>gravia.</span> 
     </span>
     <span class='ocr_line' id='line_1_6' title="bbox 92 977 1427 1055; baseline 0.002 -21"><span class='ocrx_word' id='word_1_38' title='bbox 92 977 225 1035; x_wconf 87' lang='lat' dir='ltr'>Primum</span> <span class='ocrx_word' id='word_1_39' title='bbox 249 997 315 1034; x_wconf 87' lang='lat' dir='ltr'>curn</span> <span class='ocrx_word' id='word_1_40' title='bbox 339 978 368 1034; x_wconf 90' lang='lat' dir='ltr'>in</span> <span class='ocrx_word' id='word_1_41' title='bbox 392 977 497 1034; x_wconf 83' lang='lat' dir='ltr'>Africa</span> <span class='ocrx_word' id='word_1_42' title='bbox 519 986 579 1035; x_wconf 88' lang='lat' dir='ltr'>tarn</span> <span class='ocrx_word' id='word_1_43' title='bbox 601 979 829 1037; x_wconf 76' lang='lat' dir='ltr'>constitutiones</span> <span class='ocrx_word' id='word_1_44' title='bbox 850 991 974 1054; x_wconf 79' lang='lat' dir='ltr'>actaque</span> <span class='ocrx_word' id='word_1_45' title='bbox 991 980 1192 1038; x_wconf 87' lang='lat' dir='ltr'>ecclesiastiea</span> <span class='ocrx_word' id='word_1_46' title='bbox 1206 998 1294 1055; x_wconf 81' lang='lat' dir='ltr'>qrrarn</span> <span class='ocrx_word' id='word_1_47' title='bbox 1310 980 1427 1055; x_wconf 85' lang='lat' dir='ltr'>lapides</span> 
     </span>
     <span class='ocr_line' id='line_1_7' title="bbox 93 1079 1424 1156; baseline 0 -18"><span class='ocrx_word' id='word_1_48' title='bbox 93 1079 270 1156; x_wconf 79' lang='lat' dir='ltr'>saepissime</span> <span class='ocrx_word' id='word_1_49' title='bbox 293 1079 511 1155; x_wconf 75' lang='lat' dir='ltr'>provinciarum</span> <span class='ocrx_word' id='word_1_50' title='bbox 535 1081 706 1138; x_wconf 78' lang='lat' dir='ltr'>sacerdotes</span> <span class='ocrx_word' id='word_1_51' title='bbox 729 1081 888 1149; x_wconf 74' lang='lat' dir='ltr'>nominent,</span> <span class='ocrx_word' id='word_1_52' title='bbox 912 1102 949 1138; x_wconf 88' lang='lat' dir='ltr'>ex</span> <span class='ocrx_word' id='word_1_53' title='bbox 971 1102 1007 1139; x_wconf 86' lang='lat' dir='ltr'>ea</span> <span class='ocrx_word' id='word_1_54' title='bbox 1022 1091 1194 1140; x_wconf 87' lang='lat' dir='ltr'>coronatum</span> <span class='ocrx_word' id='word_1_55' title='bbox 1210 1090 1348 1139; x_wconf 87' lang='lat' dir='ltr'>testatum</span> <span class='ocrx_word' id='word_1_56' title='bbox 1364 1101 1424 1139; x_wconf 91' lang='lat' dir='ltr'>non</span> 
     </span>
     <span class='ocr_line' id='line_1_8' title="bbox 91 1180 1424 1258; baseline 0.003 -21"><span class='ocrx_word' id='word_1_57' title='bbox 91 1181 246 1239; x_wconf 86' lang='lat' dir='ltr'>habentus.</span> <span class='ocrx_word' id='word_1_58' title='bbox 283 1180 400 1239; x_wconf 88' lang='lat' dir='ltr'>Deinde</span> <span class='ocrx_word' id='word_1_59' title='bbox 422 1200 526 1257; x_wconf 89' lang='lat' dir='ltr'>preces</span> <span class='ocrx_word' id='word_1_60' title='bbox 550 1192 578 1239; x_wconf 89' lang='lat' dir='ltr'>et</span> <span class='ocrx_word' id='word_1_61' title='bbox 601 1182 773 1239; x_wconf 87' lang='lat' dir='ltr'>constitutio</span> <span class='ocrx_word' id='word_1_62' title='bbox 797 1200 888 1258; x_wconf 87' lang='lat' dir='ltr'>supra</span> <span class='ocrx_word' id='word_1_63' title='bbox 903 1184 1037 1258; x_wconf 89' lang='lat' dir='ltr'>prolatae</span> <span class='ocrx_word' id='word_1_64' title='bbox 1053 1184 1214 1241; x_wconf 72' lang='lat' dir='ltr'>advocatos</span> <span class='ocrx_word' id='word_1_65' title='bbox 1231 1183 1424 1241; x_wconf 85' lang='lat' dir='ltr'>eeclesiarum</span> 
     </span>
     <span class='ocr_line' id='line_1_9' title="bbox 92 1282 1423 1361; baseline 0 -20"><span class='ocrx_word' id='word_1_66' title='bbox 92 1282 331 1341; x_wconf 83' lang='lat' dir='ltr'>Christianorum</span> <span class='ocrx_word' id='word_1_67' title='bbox 355 1294 386 1340; x_wconf 88' lang='lat' dir='ltr'>ut</span> <span class='ocrx_word' id='word_1_68' title='bbox 408 1292 578 1359; x_wconf 88' lang='lat' dir='ltr'>exaequant</span> <span class='ocrx_word' id='word_1_69' title='bbox 601 1283 805 1341; x_wconf 85' lang='lat' dir='ltr'>sacerdotibus</span> <span class='ocrx_word' id='word_1_70' title='bbox 828 1285 1049 1358; x_wconf 78' lang='lat' dir='ltr'>provinciarum</span> <span class='ocrx_word' id='word_1_71' title='bbox 1076 1286 1217 1361; x_wconf 80' lang='lat' dir='ltr'>paganis,</span> <span class='ocrx_word' id='word_1_72' title='bbox 1244 1286 1287 1342; x_wconf 89' lang='lat' dir='ltr'>ita</span> <span class='ocrx_word' id='word_1_73' title='bbox 1313 1304 1423 1361; x_wconf 85' lang='lat' dir='ltr'>nequa-</span> 
     </span>
     <span class='ocr_line' id='line_1_10' title="bbox 92 1384 1424 1461; baseline 0.003 -20"><span class='ocrx_word' id='word_1_74' title='bbox 92 1404 182 1461; x_wconf 85' lang='lat' dir='ltr'>quam</span> <span class='ocrx_word' id='word_1_75' title='bbox 205 1385 333 1442; x_wconf 87' lang='lat' dir='ltr'>innuunt</span> <span class='ocrx_word' id='word_1_76' title='bbox 358 1395 426 1443; x_wconf 70' lang='lat' dir='ltr'>rente</span> <span class='ocrx_word' id='word_1_77' title='bbox 454 1405 519 1442; x_wconf 88' lang='lat' dir='ltr'>eam</span> <span class='ocrx_word' id='word_1_78' title='bbox 547 1386 639 1460; x_wconf 85' lang='lat' dir='ltr'>legem</span> <span class='ocrx_word' id='word_1_79' title='bbox 668 1385 758 1441; x_wconf 89' lang='lat' dir='ltr'>latam</span> <span class='ocrx_word' id='word_1_80' title='bbox 781 1384 1021 1444; x_wconf 84' lang='lat' dir='ltr'>Christianorum</span> <span class='ocrx_word' id='word_1_81' title='bbox 1049 1386 1199 1445; x_wconf 88' lang='lat' dir='ltr'>desideria</span> <span class='ocrx_word' id='word_1_82' title='bbox 1227 1408 1244 1445; x_wconf 90' lang='lat' dir='ltr'>a</span> <span class='ocrx_word' id='word_1_83' title='bbox 1271 1388 1424 1445; x_wconf 86' lang='lat' dir='ltr'>sacerdote</span> 
     </span>
     <span class='ocr_line' id='line_1_11' title="bbox 91 1487 1423 1566; baseline 0.002 -23"><span class='ocrx_word' id='word_1_84' title='bbox 91 1487 263 1562; x_wconf 83' lang='lat' dir='ltr'>provinciae</span> <span class='ocrx_word' id='word_1_85' title='bbox 286 1487 322 1543; x_wconf 91' lang='lat' dir='ltr'>ad</span> <span class='ocrx_word' id='word_1_86' title='bbox 347 1487 511 1561; x_wconf 79' lang='lat' dir='ltr'>praesident</span> <span class='ocrx_word' id='word_1_87' title='bbox 536 1488 636 1545; x_wconf 87' lang='lat' dir='ltr'>delata</span> <span class='ocrx_word' id='word_1_88' title='bbox 657 1504 736 1557; x_wconf 82' lang='lat' dir='ltr'>esse3</span> <span class='ocrx_word' id='word_1_89' title='bbox 764 1488 854 1545; x_wconf 89' lang='lat' dir='ltr'>immo</span> <span class='ocrx_word' id='word_1_90' title='bbox 876 1490 919 1545; x_wconf 89' lang='lat' dir='ltr'>ita</span> <span class='ocrx_word' id='word_1_91' title='bbox 942 1489 1133 1547; x_wconf 88' lang='lat' dir='ltr'>nominantur</span> <span class='ocrx_word' id='word_1_92' title='bbox 1154 1490 1184 1546; x_wconf 90' lang='lat' dir='ltr'>iu</span> <span class='ocrx_word' id='word_1_93' title='bbox 1208 1489 1273 1566; x_wconf 82' lang='lat' dir='ltr'>lege</span> <span class='ocrx_word' id='word_1_94' title='bbox 1295 1489 1423 1565; x_wconf 91' lang='lat' dir='ltr'>primum</span> 
     </span>
     <span class='ocr_line' id='line_1_12' title="bbox 92 1589 1424 1667; baseline 0.002 -21"><span class='ocrx_word' id='word_1_95' title='bbox 92 1591 236 1657; x_wconf 89' lang='lat' dir='ltr'>coronati,</span> <span class='ocrx_word' id='word_1_96' title='bbox 260 1589 365 1647; x_wconf 89' lang='lat' dir='ltr'>deinde</span> <span class='ocrx_word' id='word_1_97' title='bbox 386 1591 555 1647; x_wconf 84' lang='lat' dir='ltr'>sacerdotes</span> <span class='ocrx_word' id='word_1_98' title='bbox 572 1590 801 1664; x_wconf 87' lang='lat' dir='ltr'>provinciarum,</span> <span class='ocrx_word' id='word_1_99' title='bbox 824 1591 922 1647; x_wconf 81' lang='lat' dir='ltr'>utrix</span> <span class='ocrx_word' id='word_1_100' title='bbox 938 1592 1041 1649; x_wconf 88' lang='lat' dir='ltr'>credas</span> <span class='ocrx_word' id='word_1_101' title='bbox 1058 1598 1182 1667; x_wconf 88' lang='lat' dir='ltr'>utroque</span> <span class='ocrx_word' id='word_1_102' title='bbox 1197 1592 1341 1649; x_wconf 82' lang='lat' dir='ltr'>vocabulo</span> <span class='ocrx_word' id='word_1_103' title='bbox 1358 1609 1424 1650; x_wconf 88' lang='lat' dir='ltr'>eos-</span> 
     </span>
     <span class='ocr_line' id='line_1_13' title="bbox 91 1689 1421 1767; baseline 0.001 -19"><span class='ocrx_word' id='word_1_104' title='bbox 91 1692 157 1748; x_wconf 88' lang='lat' dir='ltr'>dem</span> <span class='ocrx_word' id='word_1_105' title='bbox 175 1691 345 1767; x_wconf 82' lang='lat' dir='ltr'>significari.</span> <span class='ocrx_word' id='word_1_106' title='bbox 384 1689 444 1750; x_wconf 85' lang='lat' dir='ltr'>Sed</span> <span class='ocrx_word' id='word_1_107' title='bbox 467 1691 555 1749; x_wconf 87' lang='lat' dir='ltr'>aliter</span> <span class='ocrx_word' id='word_1_108' title='bbox 577 1704 679 1748; x_wconf 88' lang='lat' dir='ltr'>censet</span> <span class='ocrx_word' id='word_1_109' title='bbox 701 1709 788 1765; x_wconf 79' lang='lat' dir='ltr'>qrmm</span> <span class='ocrx_word' id='word_1_110' title='bbox 811 1692 847 1749; x_wconf 90' lang='lat' dir='ltr'>de</span> <span class='ocrx_word' id='word_1_111' title='bbox 870 1712 906 1749; x_wconf 88' lang='lat' dir='ltr'>ea</span> <span class='ocrx_word' id='word_1_112' title='bbox 928 1712 960 1749; x_wconf 91' lang='lat' dir='ltr'>re</span> <span class='ocrx_word' id='word_1_113' title='bbox 980 1694 1118 1751; x_wconf 89' lang='lat' dir='ltr'>consului</span> <span class='ocrx_word' id='word_1_114' title='bbox 1135 1693 1276 1752; x_wconf 87' lang='lat' dir='ltr'>Rossius:</span> <span class='ocrx_word' id='word_1_115' title='bbox 1300 1697 1339 1751; x_wconf 85' lang='lat' dir='ltr'>rai</span> <span class='ocrx_word' id='word_1_116' title='bbox 1353 1713 1421 1751; x_wconf 76' lang='lat' dir='ltr'>serra·</span> 
     </span>
     <span class='ocr_line' id='line_1_14' title="bbox 90 1792 1423 1869; baseline 0.002 -20"><span class='ocrx_word' id='word_1_117' title='bbox 90 1794 152 1863; x_wconf 82' lang='lat' dir='ltr'>bra,</span> <span class='ocrx_word' id='word_1_118' title='bbox 174 1794 270 1869; x_wconf 85' lang='lat' dir='ltr'>inquit</span> <span class='ocrx_word' id='word_1_119' title='bbox 285 1792 345 1862; x_wconf 91' lang='lat' dir='ltr'>ille,</span> <span class='ocrx_word' id='word_1_120' title='bbox 368 1793 417 1850; x_wconf 82' lang='lat' dir='ltr'>cle</span> <span class='ocrx_word' id='word_1_121' title='bbox 436 1797 533 1868; x_wconf 85' lang='lat' dir='ltr'>prima</span> <span class='ocrx_word' id='word_1_122' title='bbox 555 1793 601 1850; x_wconf 83' lang='lat' dir='ltr'>del</span> <span class='ocrx_word' id='word_1_123' title='bbox 621 1797 750 1851; x_wconf 84' lang='lat' dir='ltr'>rescritto</span> <span class='ocrx_word' id='word_1_124' title='bbox 768 1794 815 1851; x_wconf 83' lang='lat' dir='ltr'>del</span> <span class='ocrx_word' id='word_1_125' title='bbox 829 1794 890 1852; x_wconf 73' lang='lat'>407</span> <span class='ocrx_word' id='word_1_126' title='bbox 903 1795 946 1869; x_wconf 74' lang='lat' dir='ltr'>pli</span> <span class='ocrx_word' id='word_1_127' title='bbox 961 1798 1091 1853; x_wconf 74' lang='lat' dir='ltr'>interemi</span> <span class='ocrx_word' id='word_1_128' title='bbox 1106 1795 1182 1852; x_wconf 85' lang='lat' dir='ltr'>delta</span> <span class='ocrx_word' id='word_1_129' title='bbox 1198 1797 1292 1853; x_wconf 84' lang='lat' dir='ltr'>cliasa</span> <span class='ocrx_word' id='word_1_130' title='bbox 1308 1798 1423 1853; x_wconf 81' lang='lat' dir='ltr'>dirranai</span> 
     </span>
     <span class='ocr_line' id='line_1_15' title="bbox 90 1897 1421 1972; baseline 0.002 -21"><span class='ocrx_word' id='word_1_131' title='bbox 90 1897 121 1951; x_wconf 88' lang='lat' dir='ltr'>di</span> <span class='ocrx_word' id='word_1_132' title='bbox 141 1897 250 1969; x_wconf 74' lang='lat' dir='ltr'>piadici</span> <span class='ocrx_word' id='word_1_133' title='bbox 272 1897 415 1952; x_wconf 84' lang='lat' dir='ltr'>doreeano</span> <span class='ocrx_word' id='word_1_134' title='bbox 439 1914 530 1953; x_wconf 81' lang='lat' dir='ltr'>essere</span> <span class='ocrx_word' id='word_1_135' title='bbox 552 1914 568 1951; x_wconf 87' lang='lat' dir='ltr'>a</span> <span class='ocrx_word' id='word_1_136' title='bbox 584 1900 694 1954; x_wconf 84' lang='lat' dir='ltr'>trattati</span> <span class='ocrx_word' id='word_1_137' title='bbox 709 1916 724 1953; x_wconf 89' lang='lat' dir='ltr'>o</span> <span class='ocrx_word' id='word_1_138' title='bbox 740 1897 849 1953; x_wconf 79' lang='lat' dir='ltr'>clarano</span> <span class='ocrx_word' id='word_1_139' title='bbox 866 1899 1012 1953; x_wconf 72' lang='lat' dir='ltr'>iatrorlotti</span> <span class='ocrx_word' id='word_1_140' title='bbox 1026 1901 1056 1953; x_wconf 83' lang='lat' dir='ltr'>in</span> <span class='ocrx_word' id='word_1_141' title='bbox 1071 1898 1196 1972; x_wconf 76' lang='lat' dir='ltr'>piadieio</span> <span class='ocrx_word' id='word_1_142' title='bbox 1212 1899 1263 1953; x_wconf 85' lang='lat' dir='ltr'>dai</span> <span class='ocrx_word' id='word_1_143' title='bbox 1277 1898 1421 1967; x_wconf 89' lang='lat' dir='ltr'>coronati,</span> 
     </span>
     <span class='ocr_line' id='line_1_16' title="bbox 88 1999 1420 2071; baseline 0 -17"><span class='ocrx_word' id='word_1_144' title='bbox 88 2016 162 2054; x_wconf 79' lang='lat' dir='ltr'>canta</span> <span class='ocrx_word' id='word_1_145' title='bbox 185 2000 334 2054; x_wconf 82' lang='lat' dir='ltr'>iacaricati</span> <span class='ocrx_word' id='word_1_146' title='bbox 355 1999 386 2053; x_wconf 88' lang='lat' dir='ltr'>di</span> <span class='ocrx_word' id='word_1_147' title='bbox 408 2008 474 2054; x_wconf 83' lang='lat' dir='ltr'>tutte</span> <span class='ocrx_word' id='word_1_148' title='bbox 497 2000 522 2054; x_wconf 83' lang='lat' dir='ltr'>te</span> <span class='ocrx_word' id='word_1_149' title='bbox 544 2007 667 2054; x_wconf 72' lang='lat' dir='ltr'>ratense</span> <span class='ocrx_word' id='word_1_150' title='bbox 690 2000 721 2053; x_wconf 85' lang='lat' dir='ltr'>di</span> <span class='ocrx_word' id='word_1_151' title='bbox 742 2017 804 2055; x_wconf 84' lang='lat' dir='ltr'>cosa</span> <span class='ocrx_word' id='word_1_152' title='bbox 823 2002 956 2071; x_wconf 79' lang='lat' dir='ltr'>epettuuti</span> <span class='ocrx_word' id='word_1_153' title='bbox 976 1999 1037 2055; x_wconf 87' lang='lat' dir='ltr'>alla</span> <span class='ocrx_word' id='word_1_154' title='bbox 1058 2018 1129 2057; x_wconf 91' lang='lat' dir='ltr'>cura</span> <span class='ocrx_word' id='word_1_155' title='bbox 1145 2018 1242 2056; x_wconf 87' lang='lat' dir='ltr'>rerum</span> <span class='ocrx_word' id='word_1_156' title='bbox 1258 2017 1420 2056; x_wconf 85' lang='lat' dir='ltr'>sacrarum.</span> 
     </span>
     <span class='ocr_line' id='line_1_17' title="bbox 88 2098 1420 2174; baseline 0.002 -19"><span class='ocrx_word' id='word_1_157' title='bbox 88 2098 147 2157; x_wconf 83' lang='lat' dir='ltr'>Per</span> <span class='ocrx_word' id='word_1_158' title='bbox 169 2109 275 2174; x_wconf 74' lang='lat' dir='ltr'>quanto</span> <span class='ocrx_word' id='word_1_159' title='bbox 299 2102 342 2156; x_wconf 82' lang='lat' dir='ltr'>eid</span> <span class='ocrx_word' id='word_1_160' title='bbox 363 2101 437 2173; x_wconf 78' lang='lat' dir='ltr'>pajo</span> <span class='ocrx_word' id='word_1_161' title='bbox 459 2110 556 2157; x_wconf 84' lang='lat' dir='ltr'>atraao</span> <span class='ocrx_word' id='word_1_162' title='bbox 580 2103 696 2174; x_wconf 80' lang='lat' dir='ltr'>rispetto</span> <span class='ocrx_word' id='word_1_163' title='bbox 719 2101 781 2158; x_wconf 82' lang='lat' dir='ltr'>atla</span> <span class='ocrx_word' id='word_1_164' title='bbox 804 2101 913 2169; x_wconf 73' lang='lat' dir='ltr'>clieta,</span> <span class='ocrx_word' id='word_1_165' title='bbox 935 2104 974 2157; x_wconf 85' lang='lat' dir='ltr'>rai</span> <span class='ocrx_word' id='word_1_166' title='bbox 995 2100 1103 2157; x_wconf 77' lang='lat' dir='ltr'>sembra</span> <span class='ocrx_word' id='word_1_167' title='bbox 1127 2102 1263 2158; x_wconf 84' lang='lat' dir='ltr'>risaltare</span> <span class='ocrx_word' id='word_1_168' title='bbox 1284 2101 1336 2157; x_wconf 74' lang='lat' dir='ltr'>dccl</span> <span class='ocrx_word' id='word_1_169' title='bbox 1357 2120 1420 2157; x_wconf 84' lang='lat' dir='ltr'>coa-</span> 
     </span>
     <span class='ocr_line' id='line_1_18' title="bbox 80 2202 1419 2277; baseline 0 -20"><span class='ocrx_word' id='word_1_170' title='bbox 80 2204 179 2275; x_wconf 85' lang='lat' dir='ltr'>sroato</span> <span class='ocrx_word' id='word_1_171' title='bbox 198 2202 345 2276; x_wconf 74' lang='lat' dir='ltr'>predett05</span> <span class='ocrx_word' id='word_1_172' title='bbox 367 2221 381 2257; x_wconf 87' lang='lat' dir='ltr'>a</span> <span class='ocrx_word' id='word_1_173' title='bbox 399 2205 451 2276; x_wconf 84' lang='lat' dir='ltr'>poi</span> <span class='ocrx_word' id='word_1_174' title='bbox 471 2222 525 2259; x_wconf 75' lang='lat' dir='ltr'>arra</span> <span class='ocrx_word' id='word_1_175' title='bbox 549 2206 575 2258; x_wconf 84' lang='lat' dir='ltr'>ai</span> <span class='ocrx_word' id='word_1_176' title='bbox 597 2203 766 2273; x_wconf 77' lang='lat' dir='ltr'>diriteaticlri,</span> <span class='ocrx_word' id='word_1_177' title='bbox 789 2202 837 2259; x_wconf 80' lang='lat' dir='ltr'>clia</span> <span class='ocrx_word' id='word_1_178' title='bbox 856 2202 1049 2259; x_wconf 88' lang='lat' dir='ltr'>isacerdotes</span> <span class='ocrx_word' id='word_1_179' title='bbox 1065 2203 1112 2259; x_wconf 85' lang='lat' dir='ltr'>ael</span> <span class='ocrx_word' id='word_1_180' title='bbox 1126 2212 1214 2277; x_wconf 79' lang='lat' dir='ltr'>terrtpo</span> <span class='ocrx_word' id='word_1_181' title='bbox 1231 2202 1278 2259; x_wconf 75' lang='lat' dir='ltr'>alet</span> <span class='ocrx_word' id='word_1_182' title='bbox 1293 2205 1419 2259; x_wconf 83' lang='lat' dir='ltr'>rescritto</span> 
     </span>
     <span class='ocr_line' id='line_1_19' title="bbox 87 2303 1420 2379; baseline 0 -20"><span class='ocrx_word' id='word_1_183' title='bbox 87 2303 235 2378; x_wconf 77' lang='lat' dir='ltr'>imperiale</span> <span class='ocrx_word' id='word_1_184' title='bbox 257 2307 340 2360; x_wconf 87' lang='lat' dir='ltr'>citato</span> <span class='ocrx_word' id='word_1_185' title='bbox 363 2322 470 2360; x_wconf 80' lang='lat' dir='ltr'>areana</span> <span class='ocrx_word' id='word_1_186' title='bbox 493 2308 522 2360; x_wconf 84' lang='lat' dir='ltr'>ia</span> <span class='ocrx_word' id='word_1_187' title='bbox 543 2323 617 2379; x_wconf 72' lang='lat' dir='ltr'>praa</span> <span class='ocrx_word' id='word_1_188' title='bbox 635 2313 721 2378; x_wconf 84' lang='lat' dir='ltr'>parte</span> <span class='ocrx_word' id='word_1_189' title='bbox 733 2306 856 2379; x_wconf 75' lang='lat' dir='ltr'>perdam</span> <span class='ocrx_word' id='word_1_190' title='bbox 871 2306 893 2362; x_wconf 89' lang='lat' dir='ltr'>il</span> <span class='ocrx_word' id='word_1_191' title='bbox 908 2314 1047 2362; x_wconf 83' lang='lat' dir='ltr'>carattere</span> <span class='ocrx_word' id='word_1_192' title='bbox 1063 2305 1206 2379; x_wconf 66' lang='lat' dir='ltr'>rellatum,</span> <span class='ocrx_word' id='word_1_193' title='bbox 1230 2305 1420 2361; x_wconf 71' lang='lat' dir='ltr'>conservando</span> 
     </span>
     <span class='ocr_line' id='line_1_20' title="bbox 88 2404 1420 2480; baseline 0.001 -19"><span class='ocrx_word' id='word_1_194' title='bbox 88 2406 148 2461; x_wconf 80' lang='lat' dir='ltr'>eolo</span> <span class='ocrx_word' id='word_1_195' title='bbox 171 2405 265 2479; x_wconf 75' lang='lat' dir='ltr'>patella</span> <span class='ocrx_word' id='word_1_196' title='bbox 287 2404 362 2479; x_wconf 77' lang='lat' dir='ltr'>(lepli</span> <span class='ocrx_word' id='word_1_197' title='bbox 383 2409 513 2463; x_wconf 83' lang='lat' dir='ltr'>iuteresai</span> <span class='ocrx_word' id='word_1_198' title='bbox 534 2426 548 2462; x_wconf 80' lang='lat' dir='ltr'>e</span> <span class='ocrx_word' id='word_1_199' title='bbox 569 2407 600 2461; x_wconf 81' lang='lat' dir='ltr'>at</span> <span class='ocrx_word' id='word_1_200' title='bbox 618 2406 750 2480; x_wconf 75' lang='lat' dir='ltr'>pradellae</span> <span class='ocrx_word' id='word_1_201' title='bbox 775 2408 887 2480; x_wconf 56' lang='lat' dir='ltr'>usticiam</span> <span class='ocrx_word' id='word_1_202' title='bbox 913 2408 961 2463; x_wconf 83' lang='lat' dir='ltr'>alre</span> <span class='ocrx_word' id='word_1_203' title='bbox 981 2410 991 2462; x_wconf 80' lang='lat' dir='ltr'>i</span> <span class='ocrx_word' id='word_1_204' title='bbox 1009 2404 1148 2463; x_wconf 82' lang='lat' dir='ltr'>Criatiani</span> <span class='ocrx_word' id='word_1_205' title='bbox 1165 2424 1220 2463; x_wconf 86' lang='lat' dir='ltr'>aon</span> <span class='ocrx_word' id='word_1_206' title='bbox 1240 2408 1420 2480; x_wconf 76' lang='lat' dir='ltr'>risappiroao</span> 
     </span>
     <span class='ocr_line' id='line_1_21' title="bbox 87 2507 1421 2583; baseline 0 -20"><span class='ocrx_word' id='word_1_207' title='bbox 87 2507 161 2564; x_wconf 75' lang='lat' dir='ltr'>ctatt&#39;</span> <span class='ocrx_word' id='word_1_208' title='bbox 196 2510 328 2563; x_wconf 84' lang='lat' dir='ltr'>onerarei</span> <span class='ocrx_word' id='word_1_209' title='bbox 359 2508 405 2563; x_wconf 83' lang='lat' dir='ltr'>ciel</span> <span class='ocrx_word' id='word_1_210' title='bbox 436 2509 514 2563; x_wconf 86' lang='lat' dir='ltr'>titolo</span> <span class='ocrx_word' id='word_1_211' title='bbox 541 2507 757 2575; x_wconf 82' lang='lat' dir='ltr'>sacerdotales,</span> <span class='ocrx_word' id='word_1_212' title='bbox 791 2526 840 2566; x_wconf 86' lang='lat' dir='ltr'>coa</span> <span class='ocrx_word' id='word_1_213' title='bbox 871 2518 938 2564; x_wconf 88' lang='lat' dir='ltr'>tutto</span> <span class='ocrx_word' id='word_1_214' title='bbox 966 2507 1058 2582; x_wconf 81' lang='lat' dir='ltr'>quello</span> <span class='ocrx_word' id='word_1_215' title='bbox 1086 2508 1134 2565; x_wconf 83' lang='lat' dir='ltr'>alra</span> <span class='ocrx_word' id='word_1_216' title='bbox 1160 2508 1195 2565; x_wconf 78' lang='lat' dir='ltr'>lto</span> <span class='ocrx_word' id='word_1_217' title='bbox 1223 2511 1348 2583; x_wconf 71' lang='lat' dir='ltr'>apiepato</span> <span class='ocrx_word' id='word_1_218' title='bbox 1374 2508 1421 2564; x_wconf 83' lang='lat' dir='ltr'>ael</span> 
     </span>
     <span class='ocr_line' id='line_1_22' title="bbox 85 2608 1420 2685; baseline 0 -20"><span class='ocrx_word' id='word_1_219' title='bbox 85 2609 244 2665; x_wconf 84' lang='lat' dir='ltr'>Baltettiao</span> <span class='ocrx_word' id='word_1_220' title='bbox 267 2610 440 2666; x_wconf 68' lang='lat' dir='ltr'>arietilli&amp;</span> <span class='ocrx_word' id='word_1_221' title='bbox 461 2630 480 2666; x_wconf 91' lang='lat' dir='ltr'>a</span> <span class='ocrx_word' id='word_1_222' title='bbox 498 2614 647 2684; x_wconf 81' lang='lat' dir='ltr'>proposito</span> <span class='ocrx_word' id='word_1_223' title='bbox 670 2609 715 2665; x_wconf 85' lang='lat' dir='ltr'>del</span> <span class='ocrx_word' id='word_1_224' title='bbox 730 2608 865 2684; x_wconf 84' lang='lat' dir='ltr'>il(amen)</span> <span class='ocrx_word' id='word_1_225' title='bbox 885 2609 1103 2685; x_wconf 85' lang='lat' dir='ltr'>p(er)p(etuus)</span> <span class='ocrx_word' id='word_1_226' title='bbox 1121 2608 1288 2668; x_wconf 87' lang='lat' dir='ltr'>Cristiauus</span> <span class='ocrx_word' id='word_1_227' title='bbox 1306 2611 1336 2665; x_wconf 85' lang='lat' dir='ltr'>di</span> <span class='ocrx_word' id='word_1_228' title='bbox 1350 2609 1420 2665; x_wconf 79' lang='lat' dir='ltr'>Aar-</span> 
     </span>
     <span class='ocr_line' id='line_1_23' title="bbox 85 2709 1419 2787; baseline 0 -20"><span class='ocrx_word' id='word_1_229' title='bbox 85 2712 222 2768; x_wconf 79' lang='lat' dir='ltr'>araedara</span> <span class='ocrx_word' id='word_1_230' title='bbox 244 2709 292 2783; x_wconf 86' lang='lat' dir='ltr'>(C.</span> <span class='ocrx_word' id='word_1_231' title='bbox 307 2710 395 2779; x_wconf 89' lang='lat' dir='ltr'><strong>VIII,</strong></span> <span class='ocrx_word' id='word_1_232' title='bbox 420 2711 545 2784; x_wconf 78' lang='lat'>10516).</span> <span class='ocrx_word' id='word_1_233' title='bbox 588 2711 635 2766; x_wconf 82' lang='lat' dir='ltr'>Mi</span> <span class='ocrx_word' id='word_1_234' title='bbox 656 2713 797 2784; x_wconf 77' lang='lat' dir='ltr'>eonserma</span> <span class='ocrx_word' id='word_1_235' title='bbox 820 2711 889 2769; x_wconf 85' lang='lat' dir='ltr'>nelt’</span> <span class='ocrx_word' id='word_1_236' title='bbox 913 2715 1145 2787; x_wconf 74' lang='lat' dir='ltr'>interpretazioae</span> <span class='ocrx_word' id='word_1_237' title='bbox 1172 2713 1202 2769; x_wconf 89' lang='lat' dir='ltr'>la</span> <span class='ocrx_word' id='word_1_238' title='bbox 1225 2714 1419 2781; x_wconf 78' lang='lat' dir='ltr'>coarcaienza,</span> 
     </span>
     <span class='ocr_line' id='line_1_24' title="bbox 87 2813 1419 2887; baseline -0.002 -16"><span class='ocrx_word' id='word_1_239' title='bbox 87 2814 136 2872; x_wconf 82' lang='lat' dir='ltr'>alra</span> <span class='ocrx_word' id='word_1_240' title='bbox 158 2818 168 2869; x_wconf 86' lang='lat' dir='ltr'>i</span> <span class='ocrx_word' id='word_1_241' title='bbox 190 2813 390 2870; x_wconf 89' lang='lat' dir='ltr'>sacerdotales</span> <span class='ocrx_word' id='word_1_242' title='bbox 412 2831 468 2869; x_wconf 84' lang='lat' dir='ltr'>aaa</span> <span class='ocrx_word' id='word_1_243' title='bbox 489 2816 566 2869; x_wconf 81' lang='lat' dir='ltr'>siano</span> <span class='ocrx_word' id='word_1_244' title='bbox 588 2813 759 2870; x_wconf 71' lang='lat' dir='ltr'>clirrteatieati</span> <span class='ocrx_word' id='word_1_245' title='bbox 779 2813 847 2870; x_wconf 85' lang='lat' dir='ltr'>uelt’</span> <span class='ocrx_word' id='word_1_246' title='bbox 872 2815 945 2871; x_wconf 92' lang='lat' dir='ltr'>ordo</span> <span class='ocrx_word' id='word_1_247' title='bbox 969 2813 1157 2871; x_wconf 80' lang='lat' dir='ltr'>salutationis</span> <span class='ocrx_word' id='word_1_248' title='bbox 1180 2816 1328 2887; x_wconf 87' lang='lat' dir='ltr'>africaao;</span> <span class='ocrx_word' id='word_1_249' title='bbox 1354 2832 1368 2869; x_wconf 82' lang='lat' dir='ltr'>e</span> <span class='ocrx_word' id='word_1_250' title='bbox 1390 2831 1419 2869; x_wconf 81' lang='lat' dir='ltr'>aa</span> 
     </span>
     <span class='ocr_line' id='line_1_25' title="bbox 86 2914 1419 2990; baseline -0.002 -17"><span class='ocrx_word' id='word_1_251' title='bbox 86 2935 140 2973; x_wconf 85' lang='lat' dir='ltr'>aaa</span> <span class='ocrx_word' id='word_1_252' title='bbox 163 2926 263 2973; x_wconf 85' lang='lat' dir='ltr'>ateana</span> <span class='ocrx_word' id='word_1_253' title='bbox 284 2915 354 2972; x_wconf 84' lang='lat' dir='ltr'>aell’</span> <span class='ocrx_word' id='word_1_254' title='bbox 379 2914 498 2972; x_wconf 88' lang='lat' dir='ltr'>articolo</span> <span class='ocrx_word' id='word_1_255' title='bbox 523 2924 609 2984; x_wconf 80' lang='lat' dir='ltr'>terro,</span> <span class='ocrx_word' id='word_1_256' title='bbox 637 2934 705 2971; x_wconf 85' lang='lat' dir='ltr'>aona</span> <span class='ocrx_word' id='word_1_257' title='bbox 720 2918 805 2989; x_wconf 88' lang='lat' dir='ltr'>sauri</span> <span class='ocrx_word' id='word_1_258' title='bbox 827 2917 857 2971; x_wconf 86' lang='lat' dir='ltr'>di</span> <span class='ocrx_word' id='word_1_259' title='bbox 879 2935 950 2973; x_wconf 80' lang='lat' dir='ltr'>esse.</span> <span class='ocrx_word' id='word_1_260' title='bbox 992 2916 1076 2973; x_wconf 88' lang='lat' dir='ltr'>Haeo</span> <span class='ocrx_word' id='word_1_261' title='bbox 1099 2933 1174 2990; x_wconf 75' lang='lat' dir='ltr'>qima</span> <span class='ocrx_word' id='word_1_262' title='bbox 1197 2915 1235 2969; x_wconf 92' lang='lat' dir='ltr'>ad</span> <span class='ocrx_word' id='word_1_263' title='bbox 1258 2934 1304 2972; x_wconf 88' lang='lat' dir='ltr'>me</span> <span class='ocrx_word' id='word_1_264' title='bbox 1326 2916 1419 2989; x_wconf 87' lang='lat' dir='ltr'>serip-</span> 
     </span>
     <span class='ocr_line' id='line_1_26' title="bbox 86 3016 1419 3093; baseline -0.002 -17"><span class='ocrx_word' id='word_1_265' title='bbox 86 3019 125 3076; x_wconf 90' lang='lat' dir='ltr'>sit</span> <span class='ocrx_word' id='word_1_266' title='bbox 147 3017 258 3074; x_wconf 88' lang='lat' dir='ltr'>amicus</span> <span class='ocrx_word' id='word_1_267' title='bbox 286 3035 468 3091; x_wconf 87' lang='lat' dir='ltr'>quamquam</span> <span class='ocrx_word' id='word_1_268' title='bbox 492 3016 646 3090; x_wconf 87' lang='lat' dir='ltr'>scrupulos</span> <span class='ocrx_word' id='word_1_269' title='bbox 675 3035 766 3093; x_wconf 90' lang='lat' dir='ltr'>supra</span> <span class='ocrx_word' id='word_1_270' title='bbox 793 3018 963 3093; x_wconf 86' lang='lat' dir='ltr'>propositos</span> <span class='ocrx_word' id='word_1_271' title='bbox 990 3036 1050 3073; x_wconf 91' lang='lat' dir='ltr'>uon</span> <span class='ocrx_word' id='word_1_272' title='bbox 1076 3017 1198 3073; x_wconf 91' lang='lat' dir='ltr'>omuino</span> <span class='ocrx_word' id='word_1_273' title='bbox 1225 3017 1419 3086; x_wconf 87' lang='lat' dir='ltr'>sustulerunt,</span> 
     </span>
     <span class='ocr_line' id='line_1_27' title="bbox 86 3117 1417 3195; baseline -0.002 -18"><span class='ocrx_word' id='word_1_274' title='bbox 86 3129 185 3177; x_wconf 88' lang='lat' dir='ltr'>tamen</span> <span class='ocrx_word' id='word_1_275' title='bbox 208 3119 334 3177; x_wconf 89' lang='lat' dir='ltr'>meliora</span> <span class='ocrx_word' id='word_1_276' title='bbox 355 3136 432 3193; x_wconf 90' lang='lat' dir='ltr'>quae</span> <span class='ocrx_word' id='word_1_277' title='bbox 455 3136 621 3195; x_wconf 86' lang='lat' dir='ltr'>proponam</span> <span class='ocrx_word' id='word_1_278' title='bbox 643 3137 702 3175; x_wconf 89' lang='lat' dir='ltr'>non</span> <span class='ocrx_word' id='word_1_279' title='bbox 724 3120 820 3177; x_wconf 88' lang='lat' dir='ltr'>habeo</span> <span class='ocrx_word' id='word_1_280' title='bbox 843 3129 872 3175; x_wconf 89' lang='lat' dir='ltr'>et</span> <span class='ocrx_word' id='word_1_281' title='bbox 894 3121 923 3176; x_wconf 94' lang='lat' dir='ltr'>in</span> <span class='ocrx_word' id='word_1_282' title='bbox 940 3120 996 3176; x_wconf 88' lang='lat' dir='ltr'>hac</span> <span class='ocrx_word' id='word_1_283' title='bbox 1011 3118 1209 3193; x_wconf 84' lang='lat' dir='ltr'>explicatione</span> <span class='ocrx_word' id='word_1_284' title='bbox 1226 3117 1417 3193; x_wconf 86' lang='lat' dir='ltr'>adquiescen-</span> 
     </span>
     <span class='ocr_line' id='line_1_28' title="bbox 86 3220 1417 3297; baseline -0.002 -17"><span class='ocrx_word' id='word_1_285' title='bbox 86 3224 154 3280; x_wconf 89' lang='lat' dir='ltr'>dum</span> <span class='ocrx_word' id='word_1_286' title='bbox 178 3239 243 3280; x_wconf 87' lang='lat' dir='ltr'>esse</span> <span class='ocrx_word' id='word_1_287' title='bbox 264 3220 415 3279; x_wconf 86' lang='lat' dir='ltr'>existimo.</span> <span class='ocrx_word' id='word_1_288' title='bbox 453 3220 599 3278; x_wconf 87' lang='lat' dir='ltr'>Admissa</span> <span class='ocrx_word' id='word_1_289' title='bbox 621 3241 656 3278; x_wconf 89' lang='lat' dir='ltr'>ea</span> <span class='ocrx_word' id='word_1_290' title='bbox 678 3231 811 3279; x_wconf 86' lang='lat' dir='ltr'>extremo</span> <span class='ocrx_word' id='word_1_291' title='bbox 834 3221 930 3296; x_wconf 85' lang='lat' dir='ltr'>eapite</span> <span class='ocrx_word' id='word_1_292' title='bbox 954 3221 1028 3297; x_wconf 78' lang='lat' dir='ltr'>legis</span> <span class='ocrx_word' id='word_1_293' title='bbox 1044 3220 1238 3294; x_wconf 88' lang='lat' dir='ltr'>imperatores</span> <span class='ocrx_word' id='word_1_294' title='bbox 1255 3220 1311 3277; x_wconf 87' lang='lat' dir='ltr'>lroe</span> <span class='ocrx_word' id='word_1_295' title='bbox 1326 3220 1417 3295; x_wconf 84' lang='lat' dir='ltr'>sigui-</span> 
     </span>
     <span class='ocr_line' id='line_1_29' title="bbox 84 3322 1418 3399; baseline -0.003 -17"><span class='ocrx_word' id='word_1_296' title='bbox 84 3326 175 3382; x_wconf 89' lang='lat' dir='ltr'>ficaut</span> <span class='ocrx_word' id='word_1_297' title='bbox 197 3322 377 3382; x_wconf 87' lang='lat' dir='ltr'>Christianis</span> <span class='ocrx_word' id='word_1_298' title='bbox 399 3324 428 3380; x_wconf 87' lang='lat' dir='ltr'>in</span> <span class='ocrx_word' id='word_1_299' title='bbox 452 3332 601 3399; x_wconf 91' lang='lat' dir='ltr'>posterum</span> <span class='ocrx_word' id='word_1_300' title='bbox 624 3341 744 3398; x_wconf 83' lang='lat' dir='ltr'>quoque</span> <span class='ocrx_word' id='word_1_301' title='bbox 765 3323 854 3380; x_wconf 88' lang='lat' dir='ltr'>licere</span> <span class='ocrx_word' id='word_1_302' title='bbox 877 3343 929 3398; x_wconf 89' lang='lat' dir='ltr'>per</span> <span class='ocrx_word' id='word_1_303' title='bbox 952 3322 1136 3380; x_wconf 86' lang='lat' dir='ltr'>sacerdotem</span> <span class='ocrx_word' id='word_1_304' title='bbox 1159 3323 1328 3397; x_wconf 77' lang='lat' dir='ltr'>prouinciae</span> <span class='ocrx_word' id='word_1_305' title='bbox 1352 3342 1418 3379; x_wconf 88' lang='lat' dir='ltr'>cum</span> 
     </span>
     <span class='ocr_line' id='line_1_30' title="bbox 84 3424 1416 3502; baseline -0.002 -20"><span class='ocrx_word' id='word_1_306' title='bbox 84 3426 221 3502; x_wconf 87' lang='lat' dir='ltr'>praeside</span> <span class='ocrx_word' id='word_1_307' title='bbox 244 3443 332 3501; x_wconf 75' lang='lat' dir='ltr'>agere</span> <span class='ocrx_word' id='word_1_308' title='bbox 355 3443 450 3499; x_wconf 87' lang='lat' dir='ltr'>neque</span> <span class='ocrx_word' id='word_1_309' title='bbox 472 3435 640 3502; x_wconf 87' lang='lat' dir='ltr'>propterea,</span> <span class='ocrx_word' id='word_1_310' title='bbox 663 3425 820 3501; x_wconf 87' lang='lat' dir='ltr'>quodiam</span> <span class='ocrx_word' id='word_1_311' title='bbox 842 3444 894 3499; x_wconf 92' lang='lat' dir='ltr'>per</span> <span class='ocrx_word' id='word_1_312' title='bbox 909 3426 1085 3483; x_wconf 74' lang='lat' dir='ltr'>advocatum</span> <span class='ocrx_word' id='word_1_313' title='bbox 1103 3443 1168 3481; x_wconf 89' lang='lat' dir='ltr'>eum</span> <span class='ocrx_word' id='word_1_314' title='bbox 1185 3424 1266 3481; x_wconf 89' lang='lat' dir='ltr'>adire</span> <span class='ocrx_word' id='word_1_315' title='bbox 1281 3433 1416 3500; x_wconf 89' lang='lat' dir='ltr'>possunt,</span> 
     </span>
     <span class='ocr_line' id='line_1_31' title="bbox 85 3527 1041 3604; baseline -0.003 -18"><span class='ocrx_word' id='word_1_316' title='bbox 85 3528 268 3586; x_wconf 86' lang='lat' dir='ltr'>sacerdotem</span> <span class='ocrx_word' id='word_1_317' title='bbox 292 3527 462 3604; x_wconf 87' lang='lat' dir='ltr'>provinciae</span> <span class='ocrx_word' id='word_1_318' title='bbox 485 3528 630 3585; x_wconf 86' lang='lat' dir='ltr'>auxilium</span> <span class='ocrx_word' id='word_1_319' title='bbox 654 3546 737 3584; x_wconf 90' lang='lat' dir='ltr'>suum</span> <span class='ocrx_word' id='word_1_320' title='bbox 761 3527 798 3583; x_wconf 88' lang='lat' dir='ltr'>iis</span> <span class='ocrx_word' id='word_1_321' title='bbox 821 3537 901 3584; x_wconf 91' lang='lat' dir='ltr'>recte</span> <span class='ocrx_word' id='word_1_322' title='bbox 924 3545 1041 3602; x_wconf 84' lang='lat' dir='ltr'>negare.</span> 
     </span>
    </p>

    <p class='ocr_par' dir='ltr' id='par_1_4' title="bbox 81 3628 1418 4010">
     <span class='ocr_line' id='line_1_32' title="bbox 125 3628 1416 3705; baseline -0.002 -18"><span class='ocrx_word' id='word_1_323' title='bbox 125 3630 172 3687; x_wconf 85' lang='lat' dir='ltr'>Ea</span> <span class='ocrx_word' id='word_1_324' title='bbox 194 3649 312 3705; x_wconf 71' lang='lat' dir='ltr'>(petrique</span> <span class='ocrx_word' id='word_1_325' title='bbox 336 3648 412 3705; x_wconf 89' lang='lat' dir='ltr'>quae</span> <span class='ocrx_word' id='word_1_326' title='bbox 436 3636 600 3703; x_wconf 88' lang='lat' dir='ltr'>sequuntur</span> <span class='ocrx_word' id='word_1_327' title='bbox 630 3629 672 3686; x_wconf 90' lang='lat' dir='ltr'>sie</span> <span class='ocrx_word' id='word_1_328' title='bbox 700 3636 731 3686; x_wconf 87' lang='lat' dir='ltr'>ut</span> <span class='ocrx_word' id='word_1_329' title='bbox 756 3629 854 3685; x_wconf 90' lang='lat' dir='ltr'>lacera</span> <span class='ocrx_word' id='word_1_330' title='bbox 881 3629 978 3686; x_wconf 86' lang='lat' dir='ltr'>iacent</span> <span class='ocrx_word' id='word_1_331' title='bbox 1003 3636 1113 3686; x_wconf 89' lang='lat' dir='ltr'>certam</span> <span class='ocrx_word' id='word_1_332' title='bbox 1142 3628 1416 3703; x_wconf 88' lang='lat' dir='ltr'>interpretationem</span> 
     </span>
     <span class='ocr_line' id='line_1_33' title="bbox 83 3729 1417 3806; baseline -0.001 -18"><span class='ocrx_word' id='word_1_333' title='bbox 83 3751 141 3789; x_wconf 92' lang='lat' dir='ltr'>non</span> <span class='ocrx_word' id='word_1_334' title='bbox 166 3732 319 3805; x_wconf 90' lang='lat' dir='ltr'>recipiunt.</span> <span class='ocrx_word' id='word_1_335' title='bbox 370 3730 499 3786; x_wconf 84' lang='lat' dir='ltr'>Promoti</span> <span class='ocrx_word' id='word_1_336' title='bbox 519 3731 670 3806; x_wconf 79' lang='lat' dir='ltr'>officiales,</span> <span class='ocrx_word' id='word_1_337' title='bbox 701 3731 727 3785; x_wconf 93' lang='lat' dir='ltr'>si</span> <span class='ocrx_word' id='word_1_338' title='bbox 750 3729 868 3802; x_wconf 84' lang='lat' dir='ltr'>quidem</span> <span class='ocrx_word' id='word_1_339' title='bbox 896 3742 974 3787; x_wconf 88' lang='lat' dir='ltr'>recte</span> <span class='ocrx_word' id='word_1_340' title='bbox 996 3731 1069 3786; x_wconf 88' lang='lat' dir='ltr'>haec</span> <span class='ocrx_word' id='word_1_341' title='bbox 1092 3730 1149 3785; x_wconf 77' lang='lat' dir='ltr'>dito</span> <span class='ocrx_word' id='word_1_342' title='bbox 1172 3730 1318 3786; x_wconf 82' lang='lat' dir='ltr'>vocabula</span> <span class='ocrx_word' id='word_1_343' title='bbox 1346 3747 1417 3786; x_wconf 90' lang='lat' dir='ltr'>con·</span> 
     </span>
     <span class='ocr_line' id='line_1_34' title="bbox 81 3830 1418 3909; baseline -0.002 -17"><span class='ocrx_word' id='word_1_344' title='bbox 81 3836 256 3909; x_wconf 81' lang='lat' dir='ltr'>iunguntur,</span> <span class='ocrx_word' id='word_1_345' title='bbox 291 3840 342 3889; x_wconf 88' lang='lat' dir='ltr'>aut</span> <span class='ocrx_word' id='word_1_346' title='bbox 370 3832 583 3907; x_wconf 85' lang='lat' dir='ltr'>intelleguntur</span> <span class='ocrx_word' id='word_1_347' title='bbox 612 3833 661 3906; x_wconf 85' lang='lat' dir='ltr'>qui</span> <span class='ocrx_word' id='word_1_348' title='bbox 691 3833 818 3905; x_wconf 87' lang='lat' dir='ltr'>primum</span> <span class='ocrx_word' id='word_1_349' title='bbox 850 3832 981 3888; x_wconf 88' lang='lat' dir='ltr'>salutant</span> <span class='ocrx_word' id='word_1_350' title='bbox 1007 3830 1192 3906; x_wconf 89' lang='lat' dir='ltr'>promotione</span> <span class='ocrx_word' id='word_1_351' title='bbox 1219 3841 1341 3904; x_wconf 84' lang='lat' dir='ltr'>accepta</span> <span class='ocrx_word' id='word_1_352' title='bbox 1367 3841 1418 3889; x_wconf 88' lang='lat' dir='ltr'>aut</span> 
     </span>
     <span class='ocr_line' id='line_1_35' title="bbox 82 3931 1416 4010; baseline -0.002 -17"><span class='ocrx_word' id='word_1_353' title='bbox 82 3945 192 3993; x_wconf 83' lang='lat' dir='ltr'>eertum</span> <span class='ocrx_word' id='word_1_354' title='bbox 217 3935 363 4010; x_wconf 83' lang='lat' dir='ltr'>quoddam</span> <span class='ocrx_word' id='word_1_355' title='bbox 387 3952 481 4010; x_wconf 81' lang='lat' dir='ltr'>genus</span> <span class='ocrx_word' id='word_1_356' title='bbox 504 3934 676 3990; x_wconf 89' lang='lat' dir='ltr'>ol&#39;licialium</span> <span class='ocrx_word' id='word_1_357' title='bbox 701 3934 756 3989; x_wconf 78' lang='lat' dir='ltr'>lure</span> <span class='ocrx_word' id='word_1_358' title='bbox 779 3934 926 3990; x_wconf 83' lang='lat' dir='ltr'>vocabulo</span> <span class='ocrx_word' id='word_1_359' title='bbox 949 3932 1141 4007; x_wconf 79' lang='lat' dir='ltr'>significatur.</span> <span class='ocrx_word' id='word_1_360' title='bbox 1184 3931 1262 3987; x_wconf 89' lang='lat' dir='ltr'>Huic</span> <span class='ocrx_word' id='word_1_361' title='bbox 1284 3933 1416 4006; x_wconf 90' lang='lat' dir='ltr'>opinioni</span> 
     </span>
    </p>
   </div>
   <div class='ocr_carea' id='block_1_4' title="bbox 80 4032 1416 4519">
    <p class='ocr_par' dir='ltr' id='par_1_5' title="bbox 80 4032 1416 4519">
     <span class='ocr_line' id='line_1_36' title="bbox 81 4032 1414 4115; baseline -0.005 -20"><span class='ocrx_word' id='word_1_362' title='bbox 81 4039 304 4115; x_wconf 81' lang='lat' dir='ltr'>patrocinantur</span> <span class='ocrx_word' id='word_1_363' title='bbox 327 4056 400 4112; x_wconf 75' lang='lat' dir='ltr'>quas</span> <span class='ocrx_word' id='word_1_364' title='bbox 425 4036 544 4091; x_wconf 79' lang='lat' dir='ltr'>Allenio</span> <span class='ocrx_word' id='word_1_365' title='bbox 565 4035 689 4093; x_wconf 76' lang='lat' dir='ltr'>Ceionio</span> <span class='ocrx_word' id='word_1_366' title='bbox 710 4036 824 4093; x_wconf 90' lang='lat' dir='ltr'>Iuliano</span> <span class='ocrx_word' id='word_1_367' title='bbox 846 4034 988 4093; x_wconf 91' lang='lat' dir='ltr'>Camenio</span> <span class='ocrx_word' id='word_1_368' title='bbox 1010 4033 1159 4090; x_wconf 85' lang='lat' dir='ltr'>consulari</span> <span class='ocrx_word' id='word_1_369' title='bbox 1184 4032 1343 4089; x_wconf 87' lang='lat' dir='ltr'>Numidiae</span> <span class='ocrx_word' id='word_1_370' title='bbox 1365 4033 1414 4092; x_wconf 90' lang='lat' dir='ltr'>de-</span> 
     </span>
     <span class='ocr_line' id='line_1_37' title="bbox 80 4134 1414 4213; baseline -0.004 -16"><span class='ocrx_word' id='word_1_371' title='bbox 80 4141 182 4197; x_wconf 88' lang='lat' dir='ltr'>suucto</span> <span class='ocrx_word' id='word_1_372' title='bbox 207 4160 232 4194; x_wconf 87' lang='lat' dir='ltr'>a.</span> <span class='ocrx_word' id='word_1_373' title='bbox 250 4140 355 4195; x_wconf 83' lang='lat' dir='ltr'>aetatis</span> <span class='ocrx_word' id='word_1_374' title='bbox 372 4137 462 4195; x_wconf 86' lang='lat' dir='ltr'><strong>XLII</strong></span> <span class='ocrx_word' id='word_1_375' title='bbox 479 4158 505 4194; x_wconf 87' lang='lat' dir='ltr'>a.</span> <span class='ocrx_word' id='word_1_376' title='bbox 520 4139 579 4195; x_wconf 80' lang='lat'>385</span> <span class='ocrx_word' id='word_1_377' title='bbox 597 4137 679 4208; x_wconf 88' lang='lat' dir='ltr'>(ride</span> <span class='ocrx_word' id='word_1_378' title='bbox 700 4156 789 4213; x_wconf 85' lang='lat' dir='ltr'>supra</span> <span class='ocrx_word' id='word_1_379' title='bbox 807 4136 904 4211; x_wconf 63' lang='lat' dir='ltr'>pall</span> <span class='ocrx_word' id='word_1_380' title='bbox 928 4157 955 4192; x_wconf 89' lang='lat' dir='ltr'>n.</span> <span class='ocrx_word' id='word_1_381' title='bbox 972 4136 1065 4210; x_wconf 76' lang='lat'>1238)</span> <span class='ocrx_word' id='word_1_382' title='bbox 1082 4136 1226 4192; x_wconf 80' lang='lat' dir='ltr'>ol&#39;lieiales</span> <span class='ocrx_word' id='word_1_383' title='bbox 1242 4135 1338 4208; x_wconf 88' lang='lat' dir='ltr'>ipsius</span> <span class='ocrx_word' id='word_1_384' title='bbox 1353 4134 1414 4192; x_wconf 86' lang='lat' dir='ltr'>Ro·</span> 
     </span>
     <span class='ocr_line' id='line_1_38' title="bbox 80 4236 1416 4314; baseline -0.004 -14"><span class='ocrx_word' id='word_1_385' title='bbox 80 4261 146 4300; x_wconf 88' lang='lat' dir='ltr'>mae</span> <span class='ocrx_word' id='word_1_386' title='bbox 162 4241 373 4299; x_wconf 74' lang='lat' dir='ltr'>dedicaverunt</span> <span class='ocrx_word' id='word_1_387' title='bbox 389 4241 465 4297; x_wconf 88' lang='lat' dir='ltr'>duae</span> <span class='ocrx_word' id='word_1_388' title='bbox 481 4240 568 4296; x_wconf 84' lang='lat' dir='ltr'>bases</span> <span class='ocrx_word' id='word_1_389' title='bbox 581 4239 733 4314; x_wconf 79' lang='lat' dir='ltr'>gemellae.</span> <span class='ocrx_word' id='word_1_390' title='bbox 761 4240 871 4295; x_wconf 82' lang='lat' dir='ltr'>Earum</span> <span class='ocrx_word' id='word_1_391' title='bbox 885 4239 1008 4296; x_wconf 89' lang='lat' dir='ltr'>alteram</span> <span class='ocrx_word' id='word_1_392' title='bbox 1022 4237 1127 4311; x_wconf 70' lang='lat' dir='ltr'><strong>(QVI,</strong></span> <span class='ocrx_word' id='word_1_393' title='bbox 1144 4236 1416 4312; x_wconf 78' lang='lat' dir='ltr'>tota)p0suer1un</span> 
     </span>
     <span class='ocr_line' id='line_1_39' title="bbox 81 4337 1415 4417; baseline -0.005 -16"><span class='ocrx_word' id='word_1_394' title='bbox 81 4342 247 4401; x_wconf 72' lang='lat' dir='ltr'>..Gentiles</span> <span class='ocrx_word' id='word_1_395' title='bbox 266 4340 440 4417; x_wconf 82' lang='lat' dir='ltr'>p(riaceps)‚</span> <span class='ocrx_word' id='word_1_396' title='bbox 466 4340 645 4415; x_wconf 57' lang='lat' dir='ltr'>⁴lIt‘araiasl)</span> <span class='ocrx_word' id='word_1_397' title='bbox 669 4341 802 4398; x_wconf 81' lang='lat' dir='ltr'>Restutas</span> <span class='ocrx_word' id='word_1_398' title='bbox 826 4341 1032 4398; x_wconf 78' lang='lat' dir='ltr'>cornicularius</span> <span class='ocrx_word' id='word_1_399' title='bbox 1055 4359 1115 4397; x_wconf 81' lang='lat' dir='ltr'>atera</span> <span class='ocrx_word' id='word_1_400' title='bbox 1139 4337 1294 4396; x_wconf 77' lang='lat' dir='ltr'>cartularia</span> <span class='ocrx_word' id='word_1_401' title='bbox 1317 4340 1415 4414; x_wconf 82' lang='lat' dir='ltr'>officii,</span> 
     </span>
     <span class='ocr_line' id='line_1_40' title="bbox 82 4438 1413 4519; baseline -0.005 -18"><span class='ocrx_word' id='word_1_402' title='bbox 82 4445 206 4502; x_wconf 88' lang='lat' dir='ltr'>alteram</span> <span class='ocrx_word' id='word_1_403' title='bbox 230 4444 398 4518; x_wconf 87' lang='lat' dir='ltr'>nuperrime</span> <span class='ocrx_word' id='word_1_404' title='bbox 421 4455 566 4519; x_wconf 88' lang='lat' dir='ltr'>repertam</span> <span class='ocrx_word' id='word_1_405' title='bbox 591 4462 684 4518; x_wconf 71' lang='lat' dir='ltr'>tueque</span> <span class='ocrx_word' id='word_1_406' title='bbox 711 4443 835 4514; x_wconf 87' lang='lat' dir='ltr'>editam,</span> <span class='ocrx_word' id='word_1_407' title='bbox 865 4442 936 4499; x_wconf 82' lang='lat' dir='ltr'>milri</span> <span class='ocrx_word' id='word_1_408' title='bbox 967 4452 1064 4499; x_wconf 91' lang='lat' dir='ltr'>autem</span> <span class='ocrx_word' id='word_1_409' title='bbox 1092 4441 1213 4499; x_wconf 89' lang='lat' dir='ltr'>missam</span> <span class='ocrx_word' id='word_1_410' title='bbox 1243 4460 1261 4497; x_wconf 87' lang='lat' dir='ltr'>a</span> <span class='ocrx_word' id='word_1_411' title='bbox 1282 4438 1413 4497; x_wconf 85' lang='lat' dir='ltr'>Rudolfo</span> 
     </span>
    </p>
   </div>
   <div class='ocr_carea' id='block_1_5' title="bbox 79 4709 1414 5233">
    <p class='ocr_par' dir='ltr' id='par_1_6' title="bbox 79 4709 1413 4865">
     <span class='ocr_line' id='line_1_41' title="bbox 141 4709 1413 4778; baseline -0.005 -17"><span class='ocrx_word' id='word_1_412' title='bbox 141 4711 165 4778; x_wconf 82' lang='lat'>¹)</span> <span class='ocrx_word' id='word_1_413' title='bbox 187 4712 300 4761; x_wconf 73' lang='lat' dir='ltr'>Clericus</span> <span class='ocrx_word' id='word_1_414' title='bbox 319 4720 456 4762; x_wconf 77' lang='lat' dir='ltr'>coronatus</span> <span class='ocrx_word' id='word_1_415' title='bbox 476 4712 549 4759; x_wconf 80' lang='lat' dir='ltr'>liuius</span> <span class='ocrx_word' id='word_1_416' title='bbox 569 4712 757 4759; x_wconf 76' lang='lat' dir='ltr'>eortsnmtionis</span> <span class='ocrx_word' id='word_1_417' title='bbox 778 4726 903 4759; x_wconf 85' lang='lat' dir='ltr'>essenon</span> <span class='ocrx_word' id='word_1_418' title='bbox 924 4717 1016 4773; x_wconf 75' lang='lat' dir='ltr'>potest,</span> <span class='ocrx_word' id='word_1_419' title='bbox 1037 4723 1082 4757; x_wconf 68' lang='lat' dir='ltr'>uer¹</span> <span class='ocrx_word' id='word_1_420' title='bbox 1100 4724 1187 4757; x_wconf 87' lang='lat' dir='ltr'>rerum</span> <span class='ocrx_word' id='word_1_421' title='bbox 1207 4715 1246 4758; x_wconf 87' lang='lat' dir='ltr'>est</span> <span class='ocrx_word' id='word_1_422' title='bbox 1264 4709 1311 4756; x_wconf 79' lang='lat' dir='ltr'>liae</span> <span class='ocrx_word' id='word_1_423' title='bbox 1331 4715 1413 4757; x_wconf 85' lang='lat' dir='ltr'>aetate</span> 
     </span>
     <span class='ocr_line' id='line_1_42' title="bbox 79 4803 678 4865; baseline -0.003 -13"><span class='ocrx_word' id='word_1_424' title='bbox 79 4804 185 4853; x_wconf 82' lang='lat' dir='ltr'>elerleos</span> <span class='ocrx_word' id='word_1_425' title='bbox 206 4820 236 4851; x_wconf 85' lang='lat' dir='ltr'>eo</span> <span class='ocrx_word' id='word_1_426' title='bbox 257 4804 380 4852; x_wconf 73' lang='lat' dir='ltr'>rtrc’abulo</span> <span class='ocrx_word' id='word_1_427' title='bbox 400 4805 436 4852; x_wconf 76' lang='lat' dir='ltr'>sle</span> <span class='ocrx_word' id='word_1_428' title='bbox 457 4803 597 4865; x_wconf 76' lang='lat' dir='ltr'>appellatos</span> <span class='ocrx_word' id='word_1_429' title='bbox 616 4819 678 4850; x_wconf 78' lang='lat' dir='ltr'>esse.</span> 
     </span>
    </p>

    <p class='ocr_par' dir='ltr' id='par_1_7' title="bbox 79 4891 1414 5233">
     <span class='ocr_line' id='line_1_43' title="bbox 139 4891 1413 4959; baseline -0.005 -15"><span class='ocrx_word' id='word_1_430' title='bbox 139 4895 163 4955; x_wconf 72' lang='lat'><em>¹¹¹)</em></span> <span class='ocrx_word' id='word_1_431' title='bbox 184 4894 310 4944; x_wconf 78' lang='lat' dir='ltr'>Sacerdos</span> <span class='ocrx_word' id='word_1_432' title='bbox 330 4912 392 4944; x_wconf 87' lang='lat' dir='ltr'>urae</span> <span class='ocrx_word' id='word_1_433' title='bbox 411 4896 541 4959; x_wconf 59' lang='lat' dir='ltr'>neptuno)</span> <span class='ocrx_word' id='word_1_434' title='bbox 560 4894 662 4955; x_wconf 68' lang='lat' dir='ltr'>n(ostri)</span> <span class='ocrx_word' id='word_1_435' title='bbox 682 4900 815 4943; x_wconf 79' lang='lat' dir='ltr'>coronatae</span> <span class='ocrx_word' id='word_1_436' title='bbox 829 4891 989 4953; x_wconf 77' lang='lat' dir='ltr'>[tac-(iuram)</span> <span class='ocrx_word' id='word_1_437' title='bbox 1003 4891 1051 4941; x_wconf 89' lang='lat' dir='ltr'>III</span> <span class='ocrx_word' id='word_1_438' title='bbox 1069 4893 1192 4955; x_wconf 87' lang='lat' dir='ltr'>reperitur</span> <span class='ocrx_word' id='word_1_439' title='bbox 1210 4892 1238 4940; x_wconf 92' lang='lat' dir='ltr'>in</span> <span class='ocrx_word' id='word_1_440' title='bbox 1259 4892 1332 4939; x_wconf 88' lang='lat' dir='ltr'>titulo</span> <span class='ocrx_word' id='word_1_441' title='bbox 1353 4892 1413 4941; x_wconf 81' lang='lat' dir='ltr'>Sar-</span> 
     </span>
     <span class='ocr_line' id='line_1_44' title="bbox 80 4980 1414 5052; baseline -0.005 -16"><span class='ocrx_word' id='word_1_442' title='bbox 80 4988 273 5052; x_wconf 74' lang='lat' dir='ltr'>nrizegetnsensi</span> <span class='ocrx_word' id='word_1_443' title='bbox 294 4989 323 5037; x_wconf 79' lang='lat' dir='ltr'>C.</span> <span class='ocrx_word' id='word_1_444' title='bbox 338 4989 386 5047; x_wconf 87' lang='lat'>111,</span> <span class='ocrx_word' id='word_1_445' title='bbox 411 4989 480 5037; x_wconf 71' lang='lat'>1433</span> <span class='ocrx_word' id='word_1_446' title='bbox 501 4988 589 5035; x_wconf 69' lang='lat' dir='ltr'>aetatis¹</span> <span class='ocrx_word' id='word_1_447' title='bbox 610 4988 772 5046; x_wconf 90' lang='lat' dir='ltr'>Gordianae,</span> <span class='ocrx_word' id='word_1_448' title='bbox 798 4992 932 5033; x_wconf 85' lang='lat' dir='ltr'>coronatas</span> <span class='ocrx_word' id='word_1_449' title='bbox 956 4982 1082 5047; x_wconf 71' lang='lat' dir='ltr'>Ilaeliue)</span> <span class='ocrx_word' id='word_1_450' title='bbox 1103 4991 1126 5034; x_wconf 86' lang='lat' dir='ltr'>et</span> <span class='ocrx_word' id='word_1_451' title='bbox 1148 4980 1288 5043; x_wconf 47' lang='lat' dir='ltr'>Uatbssriae)</span> <span class='ocrx_word' id='word_1_452' title='bbox 1308 4983 1335 5030; x_wconf 90' lang='lat' dir='ltr'>in</span> <span class='ocrx_word' id='word_1_453' title='bbox 1354 4983 1414 5030; x_wconf 82' lang='lat' dir='ltr'>llis·</span> 
     </span>
     <span class='ocr_line' id='line_1_45' title="bbox 79 5072 1414 5143; baseline -0.004 -16"><span class='ocrx_word' id='word_1_454' title='bbox 79 5080 172 5143; x_wconf 88' lang='lat' dir='ltr'>pellate</span> <span class='ocrx_word' id='word_1_455' title='bbox 185 5079 264 5128; x_wconf 85' lang='lat' dir='ltr'>Orcll.</span> <span class='ocrx_word' id='word_1_456' title='bbox 280 5081 350 5130; x_wconf 83' lang='grc'><strong>3866</strong></span> <span class='ocrx_word' id='word_1_457' title='bbox 371 5082 462 5129; x_wconf 86' lang='lat' dir='ltr'>aetatis</span> <span class='ocrx_word' id='word_1_458' title='bbox 477 5080 714 5129; x_wconf 84' lang='lat' dir='ltr'>Constantinianae.</span> <span class='ocrx_word' id='word_1_459' title='bbox 748 5078 858 5127; x_wconf 84' lang='lat' dir='ltr'>Causam</span> <span class='ocrx_word' id='word_1_460' title='bbox 878 5078 1024 5142; x_wconf 88' lang='lat' dir='ltr'>appellandi</span> <span class='ocrx_word' id='word_1_461' title='bbox 1044 5076 1125 5141; x_wconf 81' lang='lat' dir='ltr'>sperit</span> <span class='ocrx_word' id='word_1_462' title='bbox 1144 5074 1274 5125; x_wconf 85' lang='lat' dir='ltr'>decretum</span> <span class='ocrx_word' id='word_1_463' title='bbox 1286 5072 1414 5125; x_wconf 83' lang='lat' dir='ltr'>Baianum</span> 
     </span>
     <span class='ocr_line' id='line_1_46' title="bbox 79 5170 260 5233; baseline 0 -12"><span class='ocrx_word' id='word_1_464' title='bbox 79 5170 109 5221; x_wconf 81' lang='lat' dir='ltr'>C.</span> <span class='ocrx_word' id='word_1_465' title='bbox 124 5170 158 5233; x_wconf 82' lang='lat' dir='ltr'>X,</span> <span class='ocrx_word' id='word_1_466' title='bbox 180 5172 260 5221; x_wconf 76' lang='lat'>3698.</span> 
     </span>
    </p>
   </div>
   <div class='ocr_carea' id='block_1_6' title="bbox 0 0 1730 5828">
    <p class='ocr_par' dir='ltr' id='par_1_8' title="bbox 0 0 1730 5828">
     <span class='ocr_line' id='line_1_47' title="bbox 0 0 1730 5828; baseline 0 4"><span class='ocrx_word' id='word_1_467' title='bbox 0 0 1730 5828; x_wconf 95' lang='lat' dir='ltr'> </span> 
     </span>
    </p>
   </div>
  </div>
 </body>
</html>
