<?xml version="1.0" encoding="UTF-8"?>
<!DOCTYPE html PUBLIC "-//W3C//DTD XHTML 1.0 Transitional//EN"
    "http://www.w3.org/TR/xhtml1/DTD/xhtml1-transitional.dtd">
<html xmlns="http://www.w3.org/1999/xhtml" xml:lang="en" lang="en">
 <head>
  <title>
</title>
<meta http-equiv="Content-Type" content="text/html;charset=utf-8" />
  <meta name='ocr-system' content='tesseract 3.04.00' />
  <meta name='ocr-capabilities' content='ocr_page ocr_carea ocr_par ocr_line ocrx_word'/>
</head>
<body>
  <div class='ocr_page' id='page_1' title='image "./ephemerisepigra01instgoog_0116.png"; bbox 0 0 3450 5828; ppageno 0'>
   <div class='ocr_carea' id='block_1_1' title="bbox 308 489 1057 559">
    <p class='ocr_par' dir='ltr' id='par_1_1' title="bbox 308 489 1057 559">
     <span class='ocr_line' id='line_1_1' title="bbox 308 489 1057 559; baseline -0.007 0"><span class='ocrx_word' id='word_1_1' title='bbox 308 489 377 559; x_wconf 87' lang='grc'><strong>108</strong></span> <span class='ocrx_word' id='word_1_2' title='bbox 724 520 729 525; x_wconf 90' lang='grc'><strong><em>·</em></strong></span> <span class='ocrx_word' id='word_1_3' title='bbox 875 504 1057 556; x_wconf 76' lang='lat' dir='ltr'><strong>nonusan</strong></span> 
     </span>
    </p>
   </div>
   <div class='ocr_carea' id='block_1_2' title="bbox 290 677 1707 3906">
    <p class='ocr_par' dir='ltr' id='par_1_2' title="bbox 294 677 1634 1044">
     <span class='ocr_line' id='line_1_2' title="bbox 345 677 1634 754; baseline -0.002 -16"><span class='ocrx_word' id='word_1_4' title='bbox 345 680 391 738; x_wconf 85' lang='lat' dir='ltr'><strong>Un</strong></span> <span class='ocrx_word' id='word_1_5' title='bbox 411 680 464 738; x_wconf 83' lang='lat' dir='ltr'><strong>bon</strong></span> <span class='ocrx_word' id='word_1_6' title='bbox 485 678 598 737; x_wconf 82' lang='lat' dir='ltr'><strong>nombre</strong></span> <span class='ocrx_word' id='word_1_7' title='bbox 621 681 655 736; x_wconf 83' lang='lat' dir='ltr'><strong>de</strong></span> <span class='ocrx_word' id='word_1_8' title='bbox 677 681 774 754; x_wconf 80' lang='lat' dir='ltr'><strong>cippos</strong></span> <span class='ocrx_word' id='word_1_9' title='bbox 796 689 860 736; x_wconf 85' lang='lat' dir='ltr'><strong>aont</strong></span> <span class='ocrx_word' id='word_1_10' title='bbox 885 678 971 737; x_wconf 83' lang='lat' dir='ltr'><strong>reate&#39;a</strong></span> <span class='ocrx_word' id='word_1_11' title='bbox 997 681 1101 735; x_wconf 80' lang='lat' dir='ltr'><strong>intacta</strong></span> <span class='ocrx_word' id='word_1_12' title='bbox 1125 696 1191 736; x_wconf 81' lang='lat' dir='ltr'><strong>aona</strong></span> <span class='ocrx_word' id='word_1_13' title='bbox 1220 679 1245 735; x_wconf 89' lang='lat' dir='ltr'><strong>le</strong></span> <span class='ocrx_word' id='word_1_14' title='bbox 1271 677 1315 736; x_wconf 82' lang='lat' dir='ltr'><strong>ool</strong></span> <span class='ocrx_word' id='word_1_15' title='bbox 1341 688 1368 736; x_wconf 88' lang='lat' dir='ltr'><strong>et</strong></span> <span class='ocrx_word' id='word_1_16' title='bbox 1393 679 1416 735; x_wconf 88' lang='lat' dir='ltr'><strong>il</strong></span> <span class='ocrx_word' id='word_1_17' title='bbox 1442 696 1509 738; x_wconf 78' lang='lat' dir='ltr'><strong>sero</strong></span> <span class='ocrx_word' id='word_1_18' title='bbox 1535 695 1634 736; x_wconf 78' lang='lat' dir='ltr'><strong>errrore</strong></span> 
     </span>
     <span class='ocr_line' id='line_1_3' title="bbox 294 778 1634 860; baseline -0.001 -19"><span class='ocrx_word' id='word_1_19' title='bbox 294 783 422 860; x_wconf 78' lang='lat' dir='ltr'><strong>possible</strong></span> <span class='ocrx_word' id='word_1_20' title='bbox 443 783 478 839; x_wconf 83' lang='lat' dir='ltr'><strong>de</strong></span> <span class='ocrx_word' id='word_1_21' title='bbox 499 782 539 839; x_wconf 81' lang='lat' dir='ltr'><strong>lea</strong></span> <span class='ocrx_word' id='word_1_22' title='bbox 560 790 656 838; x_wconf 84' lang='lat' dir='ltr'><strong>mettre</strong></span> <span class='ocrx_word' id='word_1_23' title='bbox 677 781 697 837; x_wconf 78' lang='grc' dir='ltr'><em>ὰ</em></span> <span class='ocrx_word' id='word_1_24' title='bbox 717 799 766 838; x_wconf 86' lang='lat' dir='ltr'><strong>nu.</strong></span> <span class='ocrx_word' id='word_1_25' title='bbox 814 778 858 837; x_wconf 87' lang='lat' dir='ltr'><strong>Le</strong></span> <span class='ocrx_word' id='word_1_26' title='bbox 880 779 949 854; x_wconf 79' lang='lat' dir='ltr'><strong>plue</strong></span> <span class='ocrx_word' id='word_1_27' title='bbox 976 790 1104 852; x_wconf 73' lang='lat' dir='ltr'><strong>nonsart,</strong></span> <span class='ocrx_word' id='word_1_28' title='bbox 1125 780 1158 853; x_wconf 84' lang='lat' dir='ltr'><strong>je</strong></span> <span class='ocrx_word' id='word_1_29' title='bbox 1183 799 1226 838; x_wconf 83' lang='lat' dir='ltr'><strong>nro</strong></span> <span class='ocrx_word' id='word_1_30' title='bbox 1251 783 1312 838; x_wconf 83' lang='lat' dir='ltr'><strong>auia</strong></span> <span class='ocrx_word' id='word_1_31' title='bbox 1339 781 1463 838; x_wconf 68' lang='lat' dir='ltr'><strong>contenti</strong></span> <span class='ocrx_word' id='word_1_32' title='bbox 1491 778 1634 839; x_wconf 81' lang='lat' dir='ltr'><strong>d&#39;enleoer</strong></span> 
     </span>
     <span class='ocr_line' id='line_1_4' title="bbox 299 879 1634 961; baseline -0.002 -20"><span class='ocrx_word' id='word_1_33' title='bbox 299 884 454 961; x_wconf 73' lang='lat' dir='ltr'><strong>l’tpitople</strong></span> <span class='ocrx_word' id='word_1_34' title='bbox 480 900 548 941; x_wconf 84' lang='lat' dir='ltr'><strong>aona</strong></span> <span class='ocrx_word' id='word_1_35' title='bbox 577 891 700 940; x_wconf 85' lang='lat' dir='ltr'><strong>entomer</strong></span> <span class='ocrx_word' id='word_1_36' title='bbox 727 881 753 939; x_wconf 84' lang='lat' dir='ltr'><strong>le</strong></span> <span class='ocrx_word' id='word_1_37' title='bbox 780 885 876 957; x_wconf 79' lang='lat' dir='ltr'><strong>cippo,</strong></span> <span class='ocrx_word' id='word_1_38' title='bbox 909 879 978 957; x_wconf 84' lang='lat' dir='ltr'><strong>qu&#39;il</strong></span> <span class='ocrx_word' id='word_1_39' title='bbox 997 881 1103 956; x_wconf 78' lang='lat' dir='ltr'><strong>solloit</strong></span> <span class='ocrx_word' id='word_1_40' title='bbox 1130 882 1335 957; x_wconf 72' lang='lat' dir='ltr'><strong>completement</strong></span> <span class='ocrx_word' id='word_1_41' title='bbox 1362 882 1489 941; x_wconf 75' lang='lat' dir='ltr'><strong>otnaire</strong></span> <span class='ocrx_word' id='word_1_42' title='bbox 1511 899 1588 957; x_wconf 82' lang='lat' dir='ltr'><strong>pour</strong></span> <span class='ocrx_word' id='word_1_43' title='bbox 1614 901 1634 958; x_wconf 79' lang='lat' dir='ltr'><strong><em>y</em></strong></span> 
     </span>
     <span class='ocr_line' id='line_1_5' title="bbox 299 984 836 1044; baseline -0.006 0"><span class='ocrx_word' id='word_1_44' title='bbox 299 997 413 1044; x_wconf 77' lang='lat' dir='ltr'><em>trouver</em></span> <span class='ocrx_word' id='word_1_45' title='bbox 434 996 460 1043; x_wconf 88' lang='lat' dir='ltr'><strong>et</strong></span> <span class='ocrx_word' id='word_1_46' title='bbox 481 1004 514 1043; x_wconf 85' lang='lat' dir='ltr'><strong>en</strong></span> <span class='ocrx_word' id='word_1_47' title='bbox 536 988 658 1043; x_wconf 75' lang='lat' dir='ltr'><strong>retroire</strong></span> <span class='ocrx_word' id='word_1_48' title='bbox 680 984 720 1041; x_wconf 80' lang='lat' dir='ltr'><strong>les</strong></span> <span class='ocrx_word' id='word_1_49' title='bbox 742 1002 836 1042; x_wconf 76' lang='lat' dir='ltr'><strong>urnae.</strong></span> 
     </span>
    </p>

    <p class='ocr_par' dir='ltr' id='par_1_3' title="bbox 290 1084 1634 2279">
     <span class='ocr_line' id='line_1_6' title="bbox 339 1084 1634 1161; baseline -0.001 -16"><span class='ocrx_word' id='word_1_50' title='bbox 339 1087 388 1145; x_wconf 81' lang='lat' dir='ltr'><strong>Au</strong></span> <span class='ocrx_word' id='word_1_51' title='bbox 409 1090 479 1146; x_wconf 79' lang='lat' dir='ltr'><strong>moia</strong></span> <span class='ocrx_word' id='word_1_52' title='bbox 502 1087 536 1143; x_wconf 81' lang='lat' dir='ltr'><strong>de</strong></span> <span class='ocrx_word' id='word_1_53' title='bbox 556 1104 634 1144; x_wconf 74' lang='lat' dir='ltr'><strong>neore</strong></span> <span class='ocrx_word' id='word_1_54' title='bbox 656 1086 782 1158; x_wconf 80' lang='lat' dir='ltr'><strong>dernier,</strong></span> <span class='ocrx_word' id='word_1_55' title='bbox 806 1087 875 1161; x_wconf 71' lang='lat' dir='ltr'><strong>prta</strong></span> <span class='ocrx_word' id='word_1_56' title='bbox 903 1087 942 1143; x_wconf 82' lang='lat' dir='ltr'><strong>du</strong></span> <span class='ocrx_word' id='word_1_57' title='bbox 966 1084 1073 1159; x_wconf 75' lang='lat' dir='ltr'><strong>oillope</strong></span> <span class='ocrx_word' id='word_1_58' title='bbox 1101 1088 1136 1144; x_wconf 81' lang='lat' dir='ltr'><strong>cla</strong></span> <span class='ocrx_word' id='word_1_59' title='bbox 1164 1085 1193 1143; x_wconf 84' lang='lat' dir='ltr'><strong>lo</strong></span> <span class='ocrx_word' id='word_1_60' title='bbox 1219 1084 1341 1156; x_wconf 81' lang='lat' dir='ltr'><strong>Morou,</strong></span> <span class='ocrx_word' id='word_1_61' title='bbox 1369 1104 1406 1144; x_wconf 85' lang='lat' dir='ltr'><strong>on</strong></span> <span class='ocrx_word' id='word_1_62' title='bbox 1427 1105 1447 1144; x_wconf 90' lang='lat' dir='ltr'><strong>o</strong></span> <span class='ocrx_word' id='word_1_63' title='bbox 1475 1086 1575 1144; x_wconf 70' lang='lat' dir='ltr'><strong>trouol</strong></span> <span class='ocrx_word' id='word_1_64' title='bbox 1593 1104 1634 1144; x_wconf 81' lang='lat' dir='ltr'><strong>un</strong></span> 
     </span>
     <span class='ocr_line' id='line_1_7' title="bbox 299 1186 1634 1265; baseline -0.001 -17"><span class='ocrx_word' id='word_1_65' title='bbox 299 1193 380 1265; x_wconf 70' lang='lat' dir='ltr'><strong>cappe</strong></span> <span class='ocrx_word' id='word_1_66' title='bbox 402 1192 440 1247; x_wconf 77' lang='lat' dir='ltr'><strong>&lt;lo</strong></span> <span class='ocrx_word' id='word_1_67' title='bbox 460 1206 546 1264; x_wconf 75' lang='lat' dir='ltr'><strong>penne</strong></span> <span class='ocrx_word' id='word_1_68' title='bbox 568 1189 603 1244; x_wconf 83' lang='lat' dir='ltr'><strong>de</strong></span> <span class='ocrx_word' id='word_1_69' title='bbox 622 1205 674 1245; x_wconf 84' lang='lat' dir='ltr'><strong>noa</strong></span> <span class='ocrx_word' id='word_1_70' title='bbox 696 1187 855 1263; x_wconf 83' lang='lat' dir='ltr'><strong>ae&#39;pulturea</strong></span> <span class='ocrx_word' id='word_1_71' title='bbox 879 1189 918 1245; x_wconf 81' lang='lat' dir='ltr'><strong>du</strong></span> <span class='ocrx_word' id='word_1_72' title='bbox 939 1189 1076 1245; x_wconf 72' lang='lat' dir='ltr'><strong>ctraetiere</strong></span> <span class='ocrx_word' id='word_1_73' title='bbox 1099 1188 1132 1244; x_wconf 82' lang='lat' dir='ltr'><strong>clo</strong></span> <span class='ocrx_word' id='word_1_74' title='bbox 1154 1186 1183 1244; x_wconf 85' lang='lat' dir='ltr'><strong>lo</strong></span> <span class='ocrx_word' id='word_1_75' title='bbox 1205 1187 1320 1263; x_wconf 73' lang='lat' dir='ltr'><strong>Molpa.</strong></span> <span class='ocrx_word' id='word_1_76' title='bbox 1371 1187 1406 1246; x_wconf 82' lang='lat' dir='ltr'><strong>Jo</strong></span> <span class='ocrx_word' id='word_1_77' title='bbox 1428 1191 1541 1246; x_wconf 70' lang='lat' dir='ltr'><strong>nonani</strong></span> <span class='ocrx_word' id='word_1_78' title='bbox 1560 1191 1634 1246; x_wconf 77' lang='lat' dir='ltr'><strong>moi·</strong></span> 
     </span>
     <span class='ocr_line' id='line_1_8' title="bbox 297 1289 1634 1365; baseline -0.001 -16"><span class='ocrx_word' id='word_1_79' title='bbox 297 1293 381 1349; x_wconf 63' lang='lat' dir='ltr'><strong>meme</strong></span> <span class='ocrx_word' id='word_1_80' title='bbox 404 1309 436 1347; x_wconf 83' lang='lat' dir='ltr'><strong>en</strong></span> <span class='ocrx_word' id='word_1_81' title='bbox 456 1301 584 1365; x_wconf 74' lang='lat' dir='ltr'><strong>qrottont</strong></span> <span class='ocrx_word' id='word_1_82' title='bbox 606 1307 673 1347; x_wconf 76' lang='lat' dir='ltr'><strong>oceo</strong></span> <span class='ocrx_word' id='word_1_83' title='bbox 694 1307 750 1346; x_wconf 79' lang='lat' dir='ltr'><strong>mea</strong></span> <span class='ocrx_word' id='word_1_84' title='bbox 772 1293 864 1346; x_wconf 79' lang='lat' dir='ltr'><strong>moine</strong></span> <span class='ocrx_word' id='word_1_85' title='bbox 887 1290 912 1346; x_wconf 86' lang='lat' dir='ltr'><strong>le</strong></span> <span class='ocrx_word' id='word_1_86' title='bbox 934 1290 1047 1346; x_wconf 74' lang='lat' dir='ltr'><strong>condant</strong></span> <span class='ocrx_word' id='word_1_87' title='bbox 1068 1289 1220 1345; x_wconf 82' lang='lat' dir='ltr'><strong>circuloire</strong></span> <span class='ocrx_word' id='word_1_88' title='bbox 1242 1292 1292 1364; x_wconf 83' lang='lat' dir='ltr'><strong>qui</strong></span> <span class='ocrx_word' id='word_1_89' title='bbox 1313 1290 1477 1348; x_wconf 76' lang='lat' dir='ltr'><strong>descenduit</strong></span> <span class='ocrx_word' id='word_1_90' title='bbox 1500 1306 1535 1346; x_wconf 82' lang='lat' dir='ltr'><strong>en</strong></span> <span class='ocrx_word' id='word_1_91' title='bbox 1556 1289 1634 1364; x_wconf 76' lang='lat' dir='ltr'><strong>lipare</strong></span> 
     </span>
     <span class='ocr_line' id='line_1_9' title="bbox 299 1389 1633 1467; baseline -0.001 -17"><span class='ocrx_word' id='word_1_92' title='bbox 299 1396 388 1451; x_wconf 81' lang='lat' dir='ltr'><strong>droite</strong></span> <span class='ocrx_word' id='word_1_93' title='bbox 409 1409 472 1450; x_wconf 79' lang='lat' dir='ltr'><strong>cers</strong></span> <span class='ocrx_word' id='word_1_94' title='bbox 496 1392 536 1449; x_wconf 82' lang='lat' dir='ltr'><strong>loe</strong></span> <span class='ocrx_word' id='word_1_95' title='bbox 559 1393 673 1449; x_wconf 82' lang='lat' dir='ltr'><strong>cendree</strong></span> <span class='ocrx_word' id='word_1_96' title='bbox 696 1394 745 1465; x_wconf 80' lang='lat' dir='ltr'><strong>qao&#39;</strong></span> <span class='ocrx_word' id='word_1_97' title='bbox 765 1409 783 1464; x_wconf 75' lang='lat' dir='ltr'><em>y</em></span> <span class='ocrx_word' id='word_1_98' title='bbox 805 1393 972 1465; x_wconf 76' lang='lat' dir='ltr'><strong>reporoient.</strong></span> <span class='ocrx_word' id='word_1_99' title='bbox 1023 1389 1103 1446; x_wconf 81' lang='lat' dir='ltr'><strong>Mais</strong></span> <span class='ocrx_word' id='word_1_100' title='bbox 1126 1408 1163 1447; x_wconf 84' lang='lat' dir='ltr'><strong>aa</strong></span> <span class='ocrx_word' id='word_1_101' title='bbox 1186 1390 1243 1448; x_wconf 81' lang='lat' dir='ltr'><strong>lion</strong></span> <span class='ocrx_word' id='word_1_102' title='bbox 1269 1391 1304 1448; x_wconf 82' lang='lat' dir='ltr'><strong>ele</strong></span> <span class='ocrx_word' id='word_1_103' title='bbox 1329 1393 1538 1467; x_wconf 80' lang='lat' dir='ltr'><strong>communiquer</strong></span> <span class='ocrx_word' id='word_1_104' title='bbox 1562 1408 1633 1449; x_wconf 78' lang='lat' dir='ltr'><strong>aveo</strong></span> 
     </span>
     <span class='ocr_line' id='line_1_10' title="bbox 298 1491 1632 1568; baseline -0.003 -15"><span class='ocrx_word' id='word_1_105' title='bbox 298 1514 350 1553; x_wconf 82' lang='lat' dir='ltr'><strong>une</strong></span> <span class='ocrx_word' id='word_1_106' title='bbox 372 1514 449 1566; x_wconf 81' lang='lat' dir='ltr'><strong>urna,</strong></span> <span class='ocrx_word' id='word_1_107' title='bbox 473 1494 498 1550; x_wconf 83' lang='lat' dir='ltr'><strong>le</strong></span> <span class='ocrx_word' id='word_1_108' title='bbox 520 1494 635 1551; x_wconf 76' lang='lat' dir='ltr'><strong>conciuit</strong></span> <span class='ocrx_word' id='word_1_109' title='bbox 656 1491 826 1549; x_wconf 82' lang='lat' dir='ltr'><strong>aboutiaaoit</strong></span> <span class='ocrx_word' id='word_1_110' title='bbox 847 1493 866 1548; x_wconf 74' lang='lat' dir='ltr'><strong>rt</strong></span> <span class='ocrx_word' id='word_1_111' title='bbox 883 1510 935 1549; x_wconf 82' lang='lat' dir='ltr'><strong>une</strong></span> <span class='ocrx_word' id='word_1_112' title='bbox 949 1492 1029 1549; x_wconf 81' lang='lat' dir='ltr'><strong>niele</strong></span> <span class='ocrx_word' id='word_1_113' title='bbox 1043 1492 1194 1549; x_wconf 81' lang='lat' dir='ltr'><strong>inte&#39;rieure</strong></span> <span class='ocrx_word' id='word_1_114' title='bbox 1201 1493 1311 1566; x_wconf 83' lang='lat' dir='ltr'><strong>sorme&#39;e</strong></span> <span class='ocrx_word' id='word_1_115' title='bbox 1325 1492 1361 1550; x_wconf 79' lang='lat' dir='ltr'><strong>da</strong></span> <span class='ocrx_word' id='word_1_116' title='bbox 1372 1494 1497 1568; x_wconf 78' lang='lat' dir='ltr'><strong>prandes</strong></span> <span class='ocrx_word' id='word_1_117' title='bbox 1514 1492 1632 1568; x_wconf 80' lang='lat' dir='ltr'><strong>briquea</strong></span> 
     </span>
     <span class='ocr_line' id='line_1_11' title="bbox 297 1593 1633 1671; baseline -0.001 -17"><span class='ocrx_word' id='word_1_118' title='bbox 297 1597 407 1654; x_wconf 62' lang='lat' dir='ltr'><strong>candeo</strong></span> <span class='ocrx_word' id='word_1_119' title='bbox 429 1599 480 1671; x_wconf 85' lang='lat' dir='ltr'><strong>qui</strong></span> <span class='ocrx_word' id='word_1_120' title='bbox 504 1597 646 1670; x_wconf 80' lang='lat' dir='ltr'><strong>portoient</strong></span> <span class='ocrx_word' id='word_1_121' title='bbox 672 1593 794 1651; x_wconf 81' lang='lat' dir='ltr'><strong>elaeone</strong></span> <span class='ocrx_word' id='word_1_122' title='bbox 820 1604 873 1650; x_wconf 79' lang='lat' dir='ltr'><strong>une</strong></span> <span class='ocrx_word' id='word_1_123' title='bbox 899 1593 1056 1668; x_wconf 81' lang='lat' dir='ltr'><strong>eatampille</strong></span> <span class='ocrx_word' id='word_1_124' title='bbox 1083 1593 1241 1651; x_wconf 82' lang='lat' dir='ltr'><strong>circuloire.</strong></span> <span class='ocrx_word' id='word_1_125' title='bbox 1294 1594 1330 1652; x_wconf 85' lang='lat' dir='ltr'><strong>Ca</strong></span> <span class='ocrx_word' id='word_1_126' title='bbox 1358 1598 1440 1670; x_wconf 82' lang='lat' dir='ltr'><strong>cippo</strong></span> <span class='ocrx_word' id='word_1_127' title='bbox 1464 1612 1499 1652; x_wconf 83' lang='lat' dir='ltr'><strong>ne</strong></span> <span class='ocrx_word' id='word_1_128' title='bbox 1522 1599 1633 1669; x_wconf 80' lang='lat' dir='ltr'><strong>portoit</strong></span> 
     </span>
     <span class='ocr_line' id='line_1_12' title="bbox 299 1693 1631 1774; baseline -0.002 -18"><span class='ocrx_word' id='word_1_129' title='bbox 299 1697 472 1774; x_wconf 66' lang='lat' dir='ltr'><strong>d&#39;epr‘toplte,</strong></span> <span class='ocrx_word' id='word_1_130' title='bbox 503 1699 575 1753; x_wconf 78' lang='lat' dir='ltr'><strong>maia</strong></span> <span class='ocrx_word' id='word_1_131' title='bbox 598 1696 706 1770; x_wconf 77' lang='lat' dir='ltr'><strong>altoque</strong></span> <span class='ocrx_word' id='word_1_132' title='bbox 728 1696 788 1753; x_wconf 80' lang='lat' dir='ltr'><strong>cote&#39;</strong></span> <span class='ocrx_word' id='word_1_133' title='bbox 808 1695 876 1752; x_wconf 81' lang='lat' dir='ltr'><strong>e‘tor‘t</strong></span> <span class='ocrx_word' id='word_1_134' title='bbox 896 1696 966 1752; x_wconf 84' lang='lat' dir='ltr'><strong>orne&#39;</strong></span> <span class='ocrx_word' id='word_1_135' title='bbox 986 1693 1053 1752; x_wconf 84' lang='lat' dir='ltr'><strong>d&#39;un</strong></span> <span class='ocrx_word' id='word_1_136' title='bbox 1076 1695 1201 1766; x_wconf 73' lang='lat' dir='ltr'><strong>cajetan</strong></span> <span class='ocrx_word' id='word_1_137' title='bbox 1225 1705 1286 1753; x_wconf 85' lang='lat' dir='ltr'><strong>atuc</strong></span> <span class='ocrx_word' id='word_1_138' title='bbox 1308 1695 1375 1753; x_wconf 78' lang='lat' dir='ltr'><strong>d&#39;un</strong></span> <span class='ocrx_word' id='word_1_139' title='bbox 1397 1697 1454 1754; x_wconf 72' lang='lat' dir='ltr'><strong>trlr</strong></span> <span class='ocrx_word' id='word_1_140' title='bbox 1475 1695 1548 1753; x_wconf 80' lang='lat' dir='ltr'><strong>beau</strong></span> <span class='ocrx_word' id='word_1_141' title='bbox 1570 1704 1631 1753; x_wconf 68' lang='lat' dir='ltr'><strong>nu-</strong></span> 
     </span>
     <span class='ocr_line' id='line_1_13' title="bbox 296 1797 1633 1871; baseline -0.001 -15"><span class='ocrx_word' id='word_1_142' title='bbox 296 1799 366 1857; x_wconf 81' lang='lat' dir='ltr'><strong>rot&#39;l.</strong></span> <span class='ocrx_word' id='word_1_143' title='bbox 411 1798 493 1855; x_wconf 87' lang='lat' dir='ltr'><strong>Troia</strong></span> <span class='ocrx_word' id='word_1_144' title='bbox 515 1799 549 1854; x_wconf 81' lang='lat' dir='ltr'><strong>do</strong></span> <span class='ocrx_word' id='word_1_145' title='bbox 572 1814 615 1855; x_wconf 81' lang='lat' dir='ltr'><strong>ees</strong></span> <span class='ocrx_word' id='word_1_146' title='bbox 638 1797 724 1869; x_wconf 83' lang='lat' dir='ltr'><strong>aojeta</strong></span> <span class='ocrx_word' id='word_1_147' title='bbox 746 1797 967 1871; x_wconf 68' lang='lat' dir='ltr'><strong>reprenentoient</strong></span> <span class='ocrx_word' id='word_1_148' title='bbox 988 1816 1041 1854; x_wconf 84' lang='lat' dir='ltr'><strong>une</strong></span> <span class='ocrx_word' id='word_1_149' title='bbox 1061 1805 1189 1854; x_wconf 83' lang='lat' dir='ltr'><strong>matrone</strong></span> <span class='ocrx_word' id='word_1_150' title='bbox 1211 1799 1353 1867; x_wconf 85' lang='lat' dir='ltr'><strong>romaine,</strong></span> <span class='ocrx_word' id='word_1_151' title='bbox 1375 1797 1498 1854; x_wconf 79' lang='lat' dir='ltr'><strong>d&#39;ubord</strong></span> <span class='ocrx_word' id='word_1_152' title='bbox 1512 1799 1633 1871; x_wconf 77' lang='lat' dir='ltr'><strong>fuirunt</strong></span> 
     </span>
     <span class='ocr_line' id='line_1_14' title="bbox 290 1897 1631 1975; baseline -0.001 -16"><span class='ocrx_word' id='word_1_153' title='bbox 290 1904 372 1975; x_wconf 82' lang='lat' dir='ltr'><strong>jairo</strong></span> <span class='ocrx_word' id='word_1_154' title='bbox 394 1919 428 1958; x_wconf 89' lang='lat' dir='ltr'><strong>ao</strong></span> <span class='ocrx_word' id='word_1_155' title='bbox 451 1900 551 1957; x_wconf 82' lang='lat' dir='ltr'><strong>toilette</strong></span> <span class='ocrx_word' id='word_1_156' title='bbox 570 1916 628 1973; x_wconf 83' lang='lat' dir='ltr'><strong>por</strong></span> <span class='ocrx_word' id='word_1_157' title='bbox 648 1917 702 1955; x_wconf 85' lang='lat' dir='ltr'><strong>une</strong></span> <span class='ocrx_word' id='word_1_158' title='bbox 724 1908 865 1969; x_wconf 75' lang='lat' dir='ltr'><strong>servante,</strong></span> <span class='ocrx_word' id='word_1_159' title='bbox 885 1902 951 1973; x_wconf 71' lang='lat' dir='ltr'><strong>quie</strong></span> <span class='ocrx_word' id='word_1_160' title='bbox 967 1899 1068 1974; x_wconf 75' lang='lat' dir='ltr'><strong>filant,</strong></span> <span class='ocrx_word' id='word_1_161' title='bbox 1087 1901 1156 1973; x_wconf 81' lang='lat' dir='ltr'><strong>poia</strong></span> <span class='ocrx_word' id='word_1_162' title='bbox 1180 1897 1275 1955; x_wconf 76' lang='lat' dir='ltr'><strong>linunt.</strong></span> <span class='ocrx_word' id='word_1_163' title='bbox 1320 1897 1368 1956; x_wconf 88' lang='lat' dir='ltr'><strong>Lo</strong></span> <span class='ocrx_word' id='word_1_164' title='bbox 1392 1900 1544 1974; x_wconf 75' lang='lat' dir='ltr'><strong>quatrieme</strong></span> <span class='ocrx_word' id='word_1_165' title='bbox 1559 1900 1631 1974; x_wconf 80' lang='lat' dir='ltr'><strong>fuce</strong></span> 
     </span>
     <span class='ocr_line' id='line_1_15' title="bbox 297 1998 1629 2077; baseline 0 -18"><span class='ocrx_word' id='word_1_166' title='bbox 297 2004 366 2060; x_wconf 85' lang='lat' dir='ltr'><strong>e&#39;tait</strong></span> <span class='ocrx_word' id='word_1_167' title='bbox 398 2003 481 2060; x_wconf 72' lang='lat' dir='ltr'><strong>ornee</strong></span> <span class='ocrx_word' id='word_1_168' title='bbox 511 1998 579 2057; x_wconf 60' lang='lat' dir='ltr'><strong>dun</strong></span> <span class='ocrx_word' id='word_1_169' title='bbox 609 2001 689 2075; x_wconf 77' lang='lat' dir='ltr'><strong>pe&#39;na’e</strong></span> <span class='ocrx_word' id='word_1_170' title='bbox 708 2000 863 2074; x_wconf 69' lang='lat' dir='ltr'><strong>sraniroire</strong></span> <span class='ocrx_word' id='word_1_171' title='bbox 888 2001 1003 2077; x_wconf 74' lang='lat' dir='ltr'><strong>oppuye</strong></span> <span class='ocrx_word' id='word_1_172' title='bbox 1027 2020 1077 2058; x_wconf 83' lang='lat' dir='ltr'><strong>eur</strong></span> <span class='ocrx_word' id='word_1_173' title='bbox 1104 2018 1158 2056; x_wconf 82' lang='lat' dir='ltr'><strong>une</strong></span> <span class='ocrx_word' id='word_1_174' title='bbox 1184 1999 1277 2057; x_wconf 79' lang='lat' dir='ltr'><strong>torale</strong></span> <span class='ocrx_word' id='word_1_175' title='bbox 1304 2000 1456 2058; x_wconf 69' lang='lat' dir='ltr'><strong>renoerste.</strong></span> <span class='ocrx_word' id='word_1_176' title='bbox 1520 1998 1565 2058; x_wconf 86' lang='lat' dir='ltr'><strong>On</strong></span> <span class='ocrx_word' id='word_1_177' title='bbox 1594 2019 1629 2059; x_wconf 79' lang='lat' dir='ltr'><strong>no</strong></span> 
     </span>
     <span class='ocr_line' id='line_1_16' title="bbox 298 2099 1629 2178; baseline 0 -17"><span class='ocrx_word' id='word_1_178' title='bbox 298 2114 398 2161; x_wconf 82' lang='lat' dir='ltr'><strong>tronea</strong></span> <span class='ocrx_word' id='word_1_179' title='bbox 413 2106 486 2161; x_wconf 83' lang='lat' dir='ltr'><strong>dona</strong></span> <span class='ocrx_word' id='word_1_180' title='bbox 508 2103 539 2160; x_wconf 89' lang='lat' dir='ltr'><strong>lo</strong></span> <span class='ocrx_word' id='word_1_181' title='bbox 559 2103 640 2161; x_wconf 81' lang='lat' dir='ltr'><strong>niele</strong></span> <span class='ocrx_word' id='word_1_182' title='bbox 661 2100 810 2159; x_wconf 80' lang='lat' dir='ltr'><strong>into&#39;rieure</strong></span> <span class='ocrx_word' id='word_1_183' title='bbox 829 2121 882 2176; x_wconf 85' lang='lat' dir='ltr'><strong>que</strong></span> <span class='ocrx_word' id='word_1_184' title='bbox 898 2104 946 2159; x_wconf 81' lang='lat' dir='ltr'><strong>dee</strong></span> <span class='ocrx_word' id='word_1_185' title='bbox 962 2103 1077 2160; x_wconf 79' lang='lat' dir='ltr'><strong>cendrea</strong></span> <span class='ocrx_word' id='word_1_186' title='bbox 1092 2099 1271 2160; x_wconf 83' lang='lat' dir='ltr'><strong>ol&#39;oaaementa</strong></span> <span class='ocrx_word' id='word_1_187' title='bbox 1286 2112 1378 2160; x_wconf 82' lang='lat' dir='ltr'><strong>etune</strong></span> <span class='ocrx_word' id='word_1_188' title='bbox 1394 2101 1487 2178; x_wconf 82' lang='lat' dir='ltr'><strong>lompe</strong></span> <span class='ocrx_word' id='word_1_189' title='bbox 1500 2104 1629 2161; x_wconf 75' lang='lat' dir='ltr'><strong>romolae</strong></span> 
     </span>
     <span class='ocr_line' id='line_1_17' title="bbox 297 2207 470 2279; baseline 0 -16"><span class='ocrx_word' id='word_1_190' title='bbox 297 2225 365 2264; x_wconf 80' lang='lat' dir='ltr'><strong>aona</strong></span> <span class='ocrx_word' id='word_1_191' title='bbox 388 2207 470 2279; x_wconf 77' lang='lat' dir='ltr'><strong>sajet.</strong></span> 
     </span>
    </p>

    <p class='ocr_par' dir='ltr' id='par_1_4' title="bbox 295 2305 1631 2688">
     <span class='ocr_line' id='line_1_18' title="bbox 341 2305 1629 2382; baseline 0.001 -18"><span class='ocrx_word' id='word_1_192' title='bbox 341 2308 368 2364; x_wconf 78' lang='lat' dir='ltr'><strong><em>A</em></strong></span> <span class='ocrx_word' id='word_1_193' title='bbox 392 2308 452 2364; x_wconf 78' lang='lat' dir='ltr'><strong>crite&#39;</strong></span> <span class='ocrx_word' id='word_1_194' title='bbox 474 2309 507 2364; x_wconf 83' lang='lat' dir='ltr'><strong>cle</strong></span> <span class='ocrx_word' id='word_1_195' title='bbox 528 2324 557 2363; x_wconf 86' lang='lat' dir='ltr'><strong>re</strong></span> <span class='ocrx_word' id='word_1_196' title='bbox 579 2309 670 2382; x_wconf 64' lang='lat' dir='ltr'><strong>rippa</strong></span> <span class='ocrx_word' id='word_1_197' title='bbox 694 2324 729 2362; x_wconf 83' lang='lat' dir='ltr'><strong>on</strong></span> <span class='ocrx_word' id='word_1_198' title='bbox 753 2305 895 2362; x_wconf 83' lang='lat' dir='ltr'><strong>de&#39;coucrit</strong></span> <span class='ocrx_word' id='word_1_199' title='bbox 914 2323 953 2361; x_wconf 83' lang='lat' dir='ltr'><strong>un</strong></span> <span class='ocrx_word' id='word_1_200' title='bbox 968 2322 1089 2363; x_wconf 69' lang='lat' dir='ltr'><strong>romeon</strong></span> <span class='ocrx_word' id='word_1_201' title='bbox 1105 2305 1171 2381; x_wconf 78' lang='lat' dir='ltr'><strong>lonp</strong></span> <span class='ocrx_word' id='word_1_202' title='bbox 1187 2307 1221 2363; x_wconf 84' lang='lat' dir='ltr'><strong>de</strong></span> <span class='ocrx_word' id='word_1_203' title='bbox 1235 2306 1285 2364; x_wconf 67' lang='lat' dir='ltr'><strong>2m</strong></span> <span class='ocrx_word' id='word_1_204' title='bbox 1303 2308 1352 2376; x_wconf 77' lang='lat'><strong>50,</strong></span> <span class='ocrx_word' id='word_1_205' title='bbox 1375 2306 1456 2382; x_wconf 71' lang='lat' dir='ltr'><strong>larpe</strong></span> <span class='ocrx_word' id='word_1_206' title='bbox 1472 2307 1568 2364; x_wconf 69' lang='lat' dir='ltr'><strong>de1m</strong></span> <span class='ocrx_word' id='word_1_207' title='bbox 1584 2307 1629 2365; x_wconf 84' lang='grc'><strong>20</strong></span> 
     </span>
     <span class='ocr_line' id='line_1_19' title="bbox 297 2405 1629 2483; baseline 0 -17"><span class='ocrx_word' id='word_1_208' title='bbox 297 2420 322 2468; x_wconf 87' lang='lat' dir='ltr'><strong>et</strong></span> <span class='ocrx_word' id='word_1_209' title='bbox 344 2410 415 2467; x_wconf 81' lang='lat' dir='ltr'><strong>luat</strong></span> <span class='ocrx_word' id='word_1_210' title='bbox 435 2410 469 2465; x_wconf 83' lang='lat' dir='ltr'><strong>de</strong></span> <span class='ocrx_word' id='word_1_211' title='bbox 493 2407 545 2464; x_wconf 71' lang='lat' dir='ltr'><strong>2m</strong></span> <span class='ocrx_word' id='word_1_212' title='bbox 565 2410 613 2466; x_wconf 86' lang='grc'><strong>50.</strong></span> <span class='ocrx_word' id='word_1_213' title='bbox 663 2407 733 2464; x_wconf 82' lang='lat' dir='ltr'><strong>Tout</strong></span> <span class='ocrx_word' id='word_1_214' title='bbox 756 2405 909 2464; x_wconf 82' lang='lat' dir='ltr'><strong>l&#39;inte&#39;rieur</strong></span> <span class='ocrx_word' id='word_1_215' title='bbox 931 2407 999 2465; x_wconf 79' lang='lat' dir='ltr'><strong>e&#39;toit</strong></span> <span class='ocrx_word' id='word_1_216' title='bbox 1020 2407 1116 2465; x_wconf 78' lang='lat' dir='ltr'><strong>enduit</strong></span> <span class='ocrx_word' id='word_1_217' title='bbox 1139 2408 1223 2466; x_wconf 82' lang='lat' dir='ltr'><strong>d&#39;une</strong></span> <span class='ocrx_word' id='word_1_218' title='bbox 1249 2406 1318 2465; x_wconf 83' lang='lat' dir='ltr'><strong>belle</strong></span> <span class='ocrx_word' id='word_1_219' title='bbox 1344 2407 1445 2466; x_wconf 82' lang='lat' dir='ltr'><strong>eouolte</strong></span> <span class='ocrx_word' id='word_1_220' title='bbox 1470 2409 1504 2466; x_wconf 84' lang='lat' dir='ltr'><strong>do</strong></span> <span class='ocrx_word' id='word_1_221' title='bbox 1526 2408 1629 2483; x_wconf 72' lang='lat' dir='ltr'><strong>pldtre</strong></span> 
     </span>
     <span class='ocr_line' id='line_1_20' title="bbox 296 2508 1631 2582; baseline -0.001 -13"><span class='ocrx_word' id='word_1_222' title='bbox 296 2514 358 2569; x_wconf 81' lang='lat' dir='ltr'><strong>bien</strong></span> <span class='ocrx_word' id='word_1_223' title='bbox 381 2510 535 2568; x_wconf 73' lang='lat' dir='ltr'><strong>emmenoe&#39;e.</strong></span> <span class='ocrx_word' id='word_1_224' title='bbox 581 2508 626 2566; x_wconf 86' lang='lat' dir='ltr'><strong>On</strong></span> <span class='ocrx_word' id='word_1_225' title='bbox 647 2527 666 2582; x_wconf 74' lang='lat' dir='ltr'><strong>p</strong></span> <span class='ocrx_word' id='word_1_226' title='bbox 688 2517 789 2566; x_wconf 78' lang='lat' dir='ltr'><strong>troo-oo</strong></span> <span class='ocrx_word' id='word_1_227' title='bbox 810 2526 876 2566; x_wconf 84' lang='lat' dir='ltr'><strong>oceo</strong></span> <span class='ocrx_word' id='word_1_228' title='bbox 902 2508 942 2566; x_wconf 84' lang='lat' dir='ltr'><strong>len</strong></span> <span class='ocrx_word' id='word_1_229' title='bbox 965 2520 1113 2568; x_wconf 75' lang='lat' dir='ltr'><strong>ostentata</strong></span> <span class='ocrx_word' id='word_1_230' title='bbox 1140 2512 1209 2567; x_wconf 82' lang='lat' dir='ltr'><strong>troia</strong></span> <span class='ocrx_word' id='word_1_231' title='bbox 1235 2526 1318 2567; x_wconf 78' lang='lat' dir='ltr'><strong>casea</strong></span> <span class='ocrx_word' id='word_1_232' title='bbox 1344 2509 1379 2567; x_wconf 81' lang='lat' dir='ltr'><strong>de</strong></span> <span class='ocrx_word' id='word_1_233' title='bbox 1404 2518 1478 2567; x_wconf 83' lang='lat' dir='ltr'><strong>terre</strong></span> <span class='ocrx_word' id='word_1_234' title='bbox 1504 2512 1577 2567; x_wconf 73' lang='lat' dir='ltr'><strong>carita</strong></span> <span class='ocrx_word' id='word_1_235' title='bbox 1603 2521 1631 2568; x_wconf 82' lang='lat' dir='ltr'><strong>et</strong></span> 
     </span>
     <span class='ocr_line' id='line_1_21' title="bbox 295 2611 701 2688; baseline -0.007 -19"><span class='ocrx_word' id='word_1_236' title='bbox 295 2633 349 2671; x_wconf 75' lang='lat' dir='ltr'><strong>utne</strong></span> <span class='ocrx_word' id='word_1_237' title='bbox 366 2615 452 2687; x_wconf 83' lang='lat' dir='ltr'><strong>petite</strong></span> <span class='ocrx_word' id='word_1_238' title='bbox 467 2611 536 2688; x_wconf 77' lang='lat' dir='ltr'><strong>fiola</strong></span> <span class='ocrx_word' id='word_1_239' title='bbox 559 2612 593 2668; x_wconf 84' lang='lat' dir='ltr'><strong>de</strong></span> <span class='ocrx_word' id='word_1_240' title='bbox 614 2629 701 2668; x_wconf 81' lang='lat' dir='ltr'><strong>verre.</strong></span> 
     </span>
    </p>

    <p class='ocr_par' dir='ltr' id='par_1_5' title="bbox 295 2711 1630 3195">
     <span class='ocr_line' id='line_1_22' title="bbox 337 2711 1630 2788; baseline 0.002 -18"><span class='ocrx_word' id='word_1_241' title='bbox 337 2713 483 2772; x_wconf 84' lang='lat' dir='ltr'><strong>Passibus</strong></span> <span class='ocrx_word' id='word_1_242' title='bbox 506 2711 559 2770; x_wconf 84' lang='lat' dir='ltr'><strong>CL</strong></span> <span class='ocrx_word' id='word_1_243' title='bbox 581 2731 599 2768; x_wconf 92' lang='lat' dir='ltr'><strong>a</strong></span> <span class='ocrx_word' id='word_1_244' title='bbox 622 2719 813 2769; x_wconf 90' lang='lat' dir='ltr'><strong>monumento</strong></span> <span class='ocrx_word' id='word_1_245' title='bbox 836 2713 924 2769; x_wconf 84' lang='lat' dir='ltr'><strong>modo</strong></span> <span class='ocrx_word' id='word_1_246' title='bbox 947 2712 1097 2787; x_wconf 87' lang='lat' dir='ltr'><strong>descripto</strong></span> <span class='ocrx_word' id='word_1_247' title='bbox 1120 2712 1158 2769; x_wconf 89' lang='lat' dir='ltr'><strong>ad</strong></span> <span class='ocrx_word' id='word_1_248' title='bbox 1179 2720 1299 2787; x_wconf 84' lang='lat' dir='ltr'><strong>puteum</strong></span> <span class='ocrx_word' id='word_1_249' title='bbox 1327 2712 1405 2788; x_wconf 90' lang='lat' dir='ltr'><strong>qd.</strong></span> <span class='ocrx_word' id='word_1_250' title='bbox 1429 2712 1487 2770; x_wconf 84' lang='lat' dir='ltr'><strong>Bir</strong></span> <span class='ocrx_word' id='word_1_251' title='bbox 1507 2713 1534 2771; x_wconf 85' lang='lat' dir='ltr'><strong>el</strong></span> <span class='ocrx_word' id='word_1_252' title='bbox 1554 2714 1630 2787; x_wconf 79' lang='lat' dir='ltr'><strong>Djo-</strong></span> 
     </span>
     <span class='ocr_line' id='line_1_23' title="bbox 296 2812 1628 2888; baseline 0 -15"><span class='ocrx_word' id='word_1_253' title='bbox 296 2818 372 2873; x_wconf 81' lang='lat' dir='ltr'><strong>bono</strong></span> <span class='ocrx_word' id='word_1_254' title='bbox 393 2823 534 2873; x_wconf 86' lang='lat' dir='ltr'><strong>autumno</strong></span> <span class='ocrx_word' id='word_1_255' title='bbox 557 2834 582 2870; x_wconf 82' lang='lat' dir='ltr'><strong>a.</strong></span> <span class='ocrx_word' id='word_1_256' title='bbox 603 2814 677 2872; x_wconf 87' lang='lat'>1881</span> <span class='ocrx_word' id='word_1_257' title='bbox 705 2812 829 2871; x_wconf 90' lang='lat' dir='ltr'><strong>alterum</strong></span> <span class='ocrx_word' id='word_1_258' title='bbox 853 2812 953 2887; x_wconf 90' lang='lat' dir='ltr'><strong>(nobis</strong></span> <span class='ocrx_word' id='word_1_259' title='bbox 968 2813 1010 2888; x_wconf 89' lang='lat' dir='ltr'><strong>B)</strong></span> <span class='ocrx_word' id='word_1_260' title='bbox 1033 2820 1175 2873; x_wconf 87' lang='lat' dir='ltr'><strong>retectum</strong></span> <span class='ocrx_word' id='word_1_261' title='bbox 1196 2823 1243 2872; x_wconf 85' lang='lat' dir='ltr'><strong>est</strong></span> <span class='ocrx_word' id='word_1_262' title='bbox 1257 2813 1384 2872; x_wconf 88' lang='lat' dir='ltr'><strong>macerie</strong></span> <span class='ocrx_word' id='word_1_263' title='bbox 1399 2813 1628 2888; x_wconf 80' lang='lat' dir='ltr'><strong>circumdatum,</strong></span> 
     </span>
     <span class='ocr_line' id='line_1_24' title="bbox 295 2914 1629 2992; baseline 0.001 -17"><span class='ocrx_word' id='word_1_264' title='bbox 295 2918 410 2976; x_wconf 85' lang='lat' dir='ltr'><strong>formae</strong></span> <span class='ocrx_word' id='word_1_265' title='bbox 432 2917 602 2992; x_wconf 82' lang='lat' dir='ltr'><strong>quadratae,</strong></span> <span class='ocrx_word' id='word_1_266' title='bbox 625 2916 746 2990; x_wconf 88' lang='lat' dir='ltr'><strong>longum</strong></span> <span class='ocrx_word' id='word_1_267' title='bbox 770 2923 853 2971; x_wconf 87' lang='lat' dir='ltr'><strong>metr.</strong></span> <span class='ocrx_word' id='word_1_268' title='bbox 871 2914 920 2985; x_wconf 87' lang='lat'><strong>36,</strong></span> <span class='ocrx_word' id='word_1_269' title='bbox 941 2915 1034 2973; x_wconf 89' lang='lat' dir='ltr'><strong>latum</strong></span> <span class='ocrx_word' id='word_1_270' title='bbox 1058 2925 1139 2973; x_wconf 90' lang='lat' dir='ltr'><strong>metr.</strong></span> <span class='ocrx_word' id='word_1_271' title='bbox 1157 2915 1207 2986; x_wconf 86' lang='grc'><strong>28,</strong></span> <span class='ocrx_word' id='word_1_272' title='bbox 1231 2933 1289 2990; x_wconf 90' lang='lat' dir='ltr'><strong>quo</strong></span> <span class='ocrx_word' id='word_1_273' title='bbox 1305 2916 1531 2975; x_wconf 79' lang='lat' dir='ltr'><strong>continebantur</strong></span> <span class='ocrx_word' id='word_1_274' title='bbox 1547 2916 1629 2976; x_wconf 88' lang='lat' dir='ltr'><strong>tituli</strong></span> 
     </span>
     <span class='ocr_line' id='line_1_25' title="bbox 295 3014 1627 3095; baseline -0.001 -18"><span class='ocrx_word' id='word_1_275' title='bbox 295 3020 426 3077; x_wconf 83' lang='lat' dir='ltr'><strong>eiusdem</strong></span> <span class='ocrx_word' id='word_1_276' title='bbox 448 3019 565 3095; x_wconf 82' lang='lat' dir='ltr'><strong>generis</strong></span> <span class='ocrx_word' id='word_1_277' title='bbox 583 3014 704 3075; x_wconf 83' lang='lat' dir='ltr'><strong>CCXL.</strong></span> <span class='ocrx_word' id='word_1_278' title='bbox 741 3016 839 3073; x_wconf 88' lang='lat' dir='ltr'><strong>Huius</strong></span> <span class='ocrx_word' id='word_1_279' title='bbox 861 3033 979 3091; x_wconf 89' lang='lat' dir='ltr'><strong>quoque</strong></span> <span class='ocrx_word' id='word_1_280' title='bbox 1002 3017 1137 3074; x_wconf 84' lang='lat' dir='ltr'><strong>notitiam</strong></span> <span class='ocrx_word' id='word_1_281' title='bbox 1160 3015 1301 3074; x_wconf 83' lang='lat' dir='ltr'><strong>debemus</strong></span> <span class='ocrx_word' id='word_1_282' title='bbox 1320 3016 1415 3076; x_wconf 88' lang='lat' dir='ltr'><strong>eidem</strong></span> <span class='ocrx_word' id='word_1_283' title='bbox 1432 3018 1552 3093; x_wconf 82' lang='lat' dir='ltr'><strong>egregio</strong></span> <span class='ocrx_word' id='word_1_284' title='bbox 1568 3018 1627 3076; x_wconf 89' lang='lat' dir='ltr'><strong>soli</strong></span> 
     </span>
     <span class='ocr_line' id='line_1_26' title="bbox 296 3117 982 3195; baseline -0.007 -16"><span class='ocrx_word' id='word_1_285' title='bbox 296 3117 554 3195; x_wconf 81' lang='lat' dir='ltr'><strong>Carthaginiensis</strong></span> <span class='ocrx_word' id='word_1_286' title='bbox 578 3117 759 3192; x_wconf 86' lang='lat' dir='ltr'><strong>exploratori</strong></span> <span class='ocrx_word' id='word_1_287' title='bbox 782 3117 982 3192; x_wconf 80' lang='lat' dir='ltr'><strong>Delattri01).</strong></span> 
     </span>
    </p>

    <p class='ocr_par' dir='ltr' id='par_1_6' title="bbox 293 3218 1707 3906">
     <span class='ocr_line' id='line_1_27' title="bbox 337 3218 1627 3297; baseline 0.001 -20"><span class='ocrx_word' id='word_1_288' title='bbox 337 3220 434 3297; x_wconf 88' lang='lat' dir='ltr'><strong>Ipsam</strong></span> <span class='ocrx_word' id='word_1_289' title='bbox 457 3239 518 3278; x_wconf 91' lang='lat' dir='ltr'><strong>rem</strong></span> <span class='ocrx_word' id='word_1_290' title='bbox 541 3227 701 3294; x_wconf 84' lang='lat' dir='ltr'><strong>antequam</strong></span> <span class='ocrx_word' id='word_1_291' title='bbox 724 3218 889 3296; x_wconf 85' lang='lat' dir='ltr'><strong>aggrediar,</strong></span> <span class='ocrx_word' id='word_1_292' title='bbox 913 3226 996 3277; x_wconf 87' lang='lat' dir='ltr'><strong>aetas</strong></span> <span class='ocrx_word' id='word_1_293' title='bbox 1019 3219 1171 3278; x_wconf 88' lang='lat' dir='ltr'><strong>titulorum</strong></span> <span class='ocrx_word' id='word_1_294' title='bbox 1192 3219 1347 3296; x_wconf 87' lang='lat' dir='ltr'><strong>utriusque</strong></span> <span class='ocrx_word' id='word_1_295' title='bbox 1370 3219 1500 3295; x_wconf 87' lang='lat' dir='ltr'><strong>sepulcri</strong></span> <span class='ocrx_word' id='word_1_296' title='bbox 1528 3218 1627 3278; x_wconf 86' lang='lat' dir='ltr'><strong>deter-</strong></span> 
     </span>
     <span class='ocr_line' id='line_1_28' title="bbox 295 3319 1627 3397; baseline 0 -18"><span class='ocrx_word' id='word_1_297' title='bbox 295 3322 437 3379; x_wconf 87' lang='lat' dir='ltr'><strong>minanda</strong></span> <span class='ocrx_word' id='word_1_298' title='bbox 459 3329 519 3391; x_wconf 82' lang='lat' dir='ltr'><strong>est3</strong></span> <span class='ocrx_word' id='word_1_299' title='bbox 542 3321 573 3378; x_wconf 91' lang='lat' dir='ltr'><strong>id</strong></span> <span class='ocrx_word' id='word_1_300' title='bbox 595 3319 674 3396; x_wconf 91' lang='lat' dir='ltr'><strong>quod</strong></span> <span class='ocrx_word' id='word_1_301' title='bbox 697 3338 874 3395; x_wconf 88' lang='lat' dir='ltr'><strong>quamquam</strong></span> <span class='ocrx_word' id='word_1_302' title='bbox 898 3330 1044 3379; x_wconf 88' lang='lat' dir='ltr'><strong>certorum</strong></span> <span class='ocrx_word' id='word_1_303' title='bbox 1067 3340 1212 3379; x_wconf 88' lang='lat' dir='ltr'><strong>annorum</strong></span> <span class='ocrx_word' id='word_1_304' title='bbox 1228 3320 1338 3379; x_wconf 90' lang='lat' dir='ltr'><strong>indicia</strong></span> <span class='ocrx_word' id='word_1_305' title='bbox 1352 3321 1436 3378; x_wconf 85' lang='lat' dir='ltr'><strong>nulla</strong></span> <span class='ocrx_word' id='word_1_306' title='bbox 1451 3332 1627 3397; x_wconf 84' lang='lat' dir='ltr'><strong>suppetunt,</strong></span> 
     </span>
     <span class='ocr_line' id='line_1_29' title="bbox 294 3420 1628 3499; baseline -0.001 -17"><span class='ocrx_word' id='word_1_307' title='bbox 294 3443 332 3482; x_wconf 86' lang='lat' dir='ltr'><strong>ex</strong></span> <span class='ocrx_word' id='word_1_308' title='bbox 354 3423 522 3481; x_wconf 86' lang='lat' dir='ltr'><strong>nominibus</strong></span> <span class='ocrx_word' id='word_1_309' title='bbox 538 3422 743 3480; x_wconf 81' lang='lat' dir='ltr'><strong>defunctorum</strong></span> <span class='ocrx_word' id='word_1_310' title='bbox 759 3422 946 3498; x_wconf 87' lang='lat' dir='ltr'><strong>aliquatenus</strong></span> <span class='ocrx_word' id='word_1_311' title='bbox 961 3422 1062 3497; x_wconf 85' lang='lat' dir='ltr'><strong>perfici</strong></span> <span class='ocrx_word' id='word_1_312' title='bbox 1079 3430 1187 3499; x_wconf 88' lang='lat' dir='ltr'><strong>potest.</strong></span> <span class='ocrx_word' id='word_1_313' title='bbox 1222 3420 1343 3483; x_wconf 82' lang='lat' dir='ltr'><strong>Scilicet</strong></span> <span class='ocrx_word' id='word_1_314' title='bbox 1357 3442 1422 3481; x_wconf 90' lang='lat' dir='ltr'><strong>cnm</strong></span> <span class='ocrx_word' id='word_1_315' title='bbox 1437 3427 1628 3499; x_wconf 87' lang='lat' dir='ltr'><strong>reperiantur</strong></span> 
     </span>
     <span class='ocr_line' id='line_1_30' title="bbox 294 3521 1626 3601; baseline 0.002 -20"><span class='ocrx_word' id='word_1_316' title='bbox 294 3526 322 3582; x_wconf 89' lang='lat' dir='ltr'><strong>in</strong></span> <span class='ocrx_word' id='word_1_317' title='bbox 347 3534 472 3599; x_wconf 89' lang='lat' dir='ltr'><strong>utroque</strong></span> <span class='ocrx_word' id='word_1_318' title='bbox 500 3533 689 3581; x_wconf 88' lang='lat' dir='ltr'><strong>monumento</strong></span> <span class='ocrx_word' id='word_1_319' title='bbox 712 3533 741 3581; x_wconf 89' lang='lat' dir='ltr'><strong>et</strong></span> <span class='ocrx_word' id='word_1_320' title='bbox 766 3524 835 3581; x_wconf 90' lang='lat' dir='ltr'><strong>Iulii</strong></span> <span class='ocrx_word' id='word_1_321' title='bbox 863 3524 943 3599; x_wconf 90' lang='lat' dir='ltr'><strong>iique</strong></span> <span class='ocrx_word' id='word_1_322' title='bbox 971 3524 1096 3600; x_wconf 67' lang='lat' dir='ltr'><strong>multil)</strong></span> <span class='ocrx_word' id='word_1_323' title='bbox 1124 3532 1154 3583; x_wconf 88' lang='lat' dir='ltr'><strong>et</strong></span> <span class='ocrx_word' id='word_1_324' title='bbox 1176 3521 1334 3599; x_wconf 64' lang='lat' dir='ltr'><strong>claudiit)</strong></span> <span class='ocrx_word' id='word_1_325' title='bbox 1361 3541 1496 3601; x_wconf 89' lang='lat' dir='ltr'><strong>quoque,</strong></span> <span class='ocrx_word' id='word_1_326' title='bbox 1523 3524 1626 3583; x_wconf 89' lang='lat' dir='ltr'><strong>nullus</strong></span> 
     </span>
     <span class='ocr_line' id='line_1_31' title="bbox 294 3623 1707 3702; baseline 0.001 -19"><span class='ocrx_word' id='word_1_327' title='bbox 294 3636 391 3684; x_wconf 86' lang='lat' dir='ltr'><strong>tamen</strong></span> <span class='ocrx_word' id='word_1_328' title='bbox 414 3643 508 3701; x_wconf 86' lang='lat' dir='ltr'><strong>nequc</strong></span> <span class='ocrx_word' id='word_1_329' title='bbox 528 3627 633 3683; x_wconf 90' lang='lat' dir='ltr'><strong>horum</strong></span> <span class='ocrx_word' id='word_1_330' title='bbox 656 3644 751 3700; x_wconf 85' lang='lat' dir='ltr'><strong>nequa</strong></span> <span class='ocrx_word' id='word_1_331' title='bbox 774 3625 891 3682; x_wconf 91' lang='lat' dir='ltr'><strong>illorum</strong></span> <span class='ocrx_word' id='word_1_332' title='bbox 911 3625 1061 3700; x_wconf 85' lang='lat' dir='ltr'><strong>adscripto</strong></span> <span class='ocrx_word' id='word_1_333' title='bbox 1075 3635 1202 3702; x_wconf 89' lang='lat' dir='ltr'><strong>patrono</strong></span> <span class='ocrx_word' id='word_1_334' title='bbox 1219 3623 1358 3694; x_wconf 87' lang='lat' dir='ltr'><strong>Caesare,</strong></span> <span class='ocrx_word' id='word_1_335' title='bbox 1380 3636 1449 3701; x_wconf 86' lang='lat' dir='ltr'><strong>post</strong></span> <span class='ocrx_word' id='word_1_336' title='bbox 1464 3624 1626 3684; x_wconf 86' lang='lat' dir='ltr'><strong>Claudiam</strong></span> <span class='ocrx_word' id='word_1_337' title='bbox 1699 3656 1707 3669; x_wconf 92' lang='lat'>·</span> 
     </span>
     <span class='ocr_line' id='line_1_32' title="bbox 293 3726 1626 3805; baseline 0 -19"><span class='ocrx_word' id='word_1_338' title='bbox 293 3735 418 3786; x_wconf 88' lang='lat' dir='ltr'><strong>aetatem</strong></span> <span class='ocrx_word' id='word_1_339' title='bbox 441 3737 662 3785; x_wconf 85' lang='lat' dir='ltr'><strong>monumentum</strong></span> <span class='ocrx_word' id='word_1_340' title='bbox 690 3727 856 3785; x_wconf 90' lang='lat' dir='ltr'><strong>institutum</strong></span> <span class='ocrx_word' id='word_1_341' title='bbox 883 3729 923 3785; x_wconf 86' lang='lat' dir='ltr'><strong>sit</strong></span> <span class='ocrx_word' id='word_1_342' title='bbox 951 3745 1074 3786; x_wconf 88' lang='lat' dir='ltr'><strong>necesse</strong></span> <span class='ocrx_word' id='word_1_343' title='bbox 1101 3737 1155 3784; x_wconf 87' lang='lat' dir='ltr'><strong>est.</strong></span> <span class='ocrx_word' id='word_1_344' title='bbox 1204 3726 1318 3785; x_wconf 82' lang='lat' dir='ltr'><strong>Contra</strong></span> <span class='ocrx_word' id='word_1_345' title='bbox 1339 3727 1436 3785; x_wconf 84' lang='lat' dir='ltr'><strong>Flavii</strong></span> <span class='ocrx_word' id='word_1_346' title='bbox 1464 3746 1503 3786; x_wconf 88' lang='lat' dir='ltr'><strong>ex</strong></span> <span class='ocrx_word' id='word_1_347' title='bbox 1525 3729 1626 3805; x_wconf 86' lang='lat' dir='ltr'><strong>priore</strong></span> 
     </span>
     <span class='ocr_line' id='line_1_33' title="bbox 294 3828 1625 3906; baseline 0.001 -19"><span class='ocrx_word' id='word_1_348' title='bbox 294 3839 484 3889; x_wconf 88' lang='lat' dir='ltr'><strong>monumento</strong></span> <span class='ocrx_word' id='word_1_349' title='bbox 513 3828 650 3905; x_wconf 83' lang='lat' dir='ltr'><strong>permulti</strong></span> <span class='ocrx_word' id='word_1_350' title='bbox 684 3828 856 3903; x_wconf 86' lang='lat' dir='ltr'><strong>prodierunt</strong></span> <span class='ocrx_word' id='word_1_351' title='bbox 886 3840 916 3886; x_wconf 89' lang='lat' dir='ltr'><strong>et</strong></span> <span class='ocrx_word' id='word_1_352' title='bbox 941 3829 971 3887; x_wconf 93' lang='lat' dir='ltr'><strong>in</strong></span> <span class='ocrx_word' id='word_1_353' title='bbox 999 3829 1045 3887; x_wconf 90' lang='lat' dir='ltr'><strong>his</strong></span> <span class='ocrx_word' id='word_1_354' title='bbox 1074 3829 1244 3906; x_wconf 86' lang='lat' dir='ltr'><strong>complures</strong></span> <span class='ocrx_word' id='word_1_355' title='bbox 1270 3840 1426 3906; x_wconf 86' lang='lat' dir='ltr'><strong>patronum</strong></span> <span class='ocrx_word' id='word_1_356' title='bbox 1454 3830 1625 3906; x_wconf 80' lang='lat' dir='ltr'><strong>Augustum</strong></span> 
     </span>
    </p>
   </div>
   <div class='ocr_carea' id='block_1_3' title="bbox 296 4055 498 4063">
    <p class='ocr_par' dir='ltr' id='par_1_7' title="bbox 296 4055 498 4063">
     <span class='ocr_line' id='line_1_34' title="bbox 296 4055 498 4063; baseline -0.005 0"><span class='ocrx_word' id='word_1_357' title='bbox 296 4055 498 4063; x_wconf 65' lang='lat' dir='ltr'><strong>——n—-a--n</strong></span> 
     </span>
    </p>
   </div>
   <div class='ocr_carea' id='block_1_4' title="bbox 292 4208 1624 4735">
    <p class='ocr_par' dir='ltr' id='par_1_8' title="bbox 292 4208 1624 4735">
     <span class='ocr_line' id='line_1_35' title="bbox 353 4208 1624 4276; baseline -0.001 -14"><span class='ocrx_word' id='word_1_358' title='bbox 353 4212 375 4273; x_wconf 84' lang='lat'><strong>¹)</strong></span> <span class='ocrx_word' id='word_1_359' title='bbox 403 4213 558 4263; x_wconf 84' lang='lat' dir='ltr'><strong>Prodierunt</strong></span> <span class='ocrx_word' id='word_1_360' title='bbox 586 4213 629 4261; x_wconf 88' lang='lat' dir='ltr'><strong>alii</strong></span> <span class='ocrx_word' id='word_1_361' title='bbox 665 4212 692 4260; x_wconf 89' lang='lat' dir='ltr'><strong>in</strong></span> <span class='ocrx_word' id='word_1_362' title='bbox 722 4211 886 4274; x_wconf 87' lang='lat' dir='ltr'><strong>ephemeride</strong></span> <span class='ocrx_word' id='word_1_363' title='bbox 913 4211 1080 4274; x_wconf 82' lang='lat' dir='ltr'><strong>Lugdunenei</strong></span> <span class='ocrx_word' id='word_1_364' title='bbox 1109 4211 1145 4260; x_wconf 86' lang='lat' dir='ltr'><strong>lea</strong></span> <span class='ocrx_word' id='word_1_365' title='bbox 1172 4211 1287 4260; x_wconf 75' lang='lat' dir='ltr'><strong>missione</strong></span> <span class='ocrx_word' id='word_1_366' title='bbox 1316 4208 1470 4276; x_wconf 69' lang='lat' dir='ltr'><strong>conatique</strong></span> <span class='ocrx_word' id='word_1_367' title='bbox 1502 4226 1527 4261; x_wconf 81' lang='lat' dir='ltr'><strong>a.</strong></span> <span class='ocrx_word' id='word_1_368' title='bbox 1553 4211 1624 4261; x_wconf 84' lang='grc'><strong>1882</strong></span> 
     </span>
     <span class='ocr_line' id='line_1_36' title="bbox 292 4301 1623 4369; baseline -0.002 -13"><span class='ocrx_word' id='word_1_369' title='bbox 292 4306 381 4356; x_wconf 86' lang='lat' dir='ltr'><strong>Iun.9</strong></span> <span class='ocrx_word' id='word_1_370' title='bbox 401 4321 427 4353; x_wconf 91' lang='lat' dir='ltr'><strong>n.</strong></span> <span class='ocrx_word' id='word_1_371' title='bbox 443 4307 525 4364; x_wconf 86' lang='lat'>1-8,</span> <span class='ocrx_word' id='word_1_372' title='bbox 556 4305 613 4352; x_wconf 89' lang='lat' dir='ltr'><strong>lun.</strong></span> <span class='ocrx_word' id='word_1_373' title='bbox 630 4304 663 4353; x_wconf 92' lang='grc'><strong>16</strong></span> <span class='ocrx_word' id='word_1_374' title='bbox 684 4319 709 4352; x_wconf 90' lang='lat' dir='ltr'><strong>n.</strong></span> <span class='ocrx_word' id='word_1_375' title='bbox 723 4304 826 4362; x_wconf 79' lang='lat'><strong>9—32,</strong></span> <span class='ocrx_word' id='word_1_376' title='bbox 857 4302 905 4351; x_wconf 89' lang='lat' dir='ltr'><strong>Iul.</strong></span> <span class='ocrx_word' id='word_1_377' title='bbox 922 4304 955 4351; x_wconf 77' lang='lat'><strong>14</strong></span> <span class='ocrx_word' id='word_1_378' title='bbox 975 4319 1000 4351; x_wconf 92' lang='lat' dir='ltr'><strong>n.</strong></span> <span class='ocrx_word' id='word_1_379' title='bbox 1015 4303 1135 4363; x_wconf 73' lang='lat'>34-49,</span> <span class='ocrx_word' id='word_1_380' title='bbox 1166 4304 1223 4352; x_wconf 89' lang='lat' dir='ltr'><strong>Iun.</strong></span> <span class='ocrx_word' id='word_1_381' title='bbox 1238 4305 1271 4352; x_wconf 91' lang='grc'><strong>21</strong></span> <span class='ocrx_word' id='word_1_382' title='bbox 1292 4319 1318 4352; x_wconf 87' lang='lat' dir='ltr'><strong>n.</strong></span> <span class='ocrx_word' id='word_1_383' title='bbox 1334 4301 1454 4364; x_wconf 87' lang='grc'><strong>50-73;</strong></span> <span class='ocrx_word' id='word_1_384' title='bbox 1483 4302 1530 4352; x_wconf 80' lang='lat' dir='ltr'><strong>alii</strong></span> <span class='ocrx_word' id='word_1_385' title='bbox 1554 4304 1623 4369; x_wconf 74' lang='lat' dir='ltr'><strong>apud</strong></span> 
     </span>
     <span class='ocr_line' id='line_1_37' title="bbox 293 4391 1624 4461; baseline -0.002 -15"><span class='ocrx_word' id='word_1_386' title='bbox 293 4398 442 4447; x_wconf 82' lang='lat' dir='ltr'><strong>Florianum</strong></span> <span class='ocrx_word' id='word_1_387' title='bbox 454 4395 584 4445; x_wconf 88' lang='lat' dir='ltr'><strong>Vallentin</strong></span> <span class='ocrx_word' id='word_1_388' title='bbox 599 4392 668 4443; x_wconf 82' lang='lat' dir='ltr'><strong>Ball.</strong></span> <span class='ocrx_word' id='word_1_389' title='bbox 682 4391 862 4461; x_wconf 67' lang='lat' dir='ltr'><strong>epiqroplrique</strong></span> <span class='ocrx_word' id='word_1_390' title='bbox 881 4393 912 4443; x_wconf 76' lang='lat' dir='ltr'><strong>tle</strong></span> <span class='ocrx_word' id='word_1_391' title='bbox 927 4393 953 4443; x_wconf 88' lang='lat' dir='ltr'><strong>la</strong></span> <span class='ocrx_word' id='word_1_392' title='bbox 968 4391 1048 4443; x_wconf 81' lang='lat' dir='ltr'><strong>Gurtle</strong></span> <span class='ocrx_word' id='word_1_393' title='bbox 1067 4394 1144 4443; x_wconf 83' lang='lat' dir='ltr'><strong>vol.2</strong></span> <span class='ocrx_word' id='word_1_394' title='bbox 1160 4394 1252 4455; x_wconf 91' lang='grc'><strong>(1882)</strong></span> <span class='ocrx_word' id='word_1_395' title='bbox 1265 4409 1291 4458; x_wconf 87' lang='lat' dir='ltr'><strong>p.</strong></span> <span class='ocrx_word' id='word_1_396' title='bbox 1304 4392 1448 4445; x_wconf 81' lang='grc'><strong>293-296</strong></span> <span class='ocrx_word' id='word_1_397' title='bbox 1463 4410 1488 4445; x_wconf 90' lang='lat' dir='ltr'><strong>n.</strong></span> <span class='ocrx_word' id='word_1_398' title='bbox 1500 4394 1624 4458; x_wconf 75' lang='lat'>54-933</span> 
     </span>
     <span class='ocr_line' id='line_1_38' title="bbox 294 4485 1623 4551; baseline 0.001 -16"><span class='ocrx_word' id='word_1_399' title='bbox 294 4488 378 4537; x_wconf 82' lang='lat' dir='ltr'><strong>vol.3</strong></span> <span class='ocrx_word' id='word_1_400' title='bbox 402 4486 494 4548; x_wconf 83' lang='lat'>(1883)</span> <span class='ocrx_word' id='word_1_401' title='bbox 518 4503 543 4551; x_wconf 89' lang='lat' dir='ltr'><strong>p.</strong></span> <span class='ocrx_word' id='word_1_402' title='bbox 564 4486 679 4536; x_wconf 86' lang='grc'><strong>25-28</strong></span> <span class='ocrx_word' id='word_1_403' title='bbox 705 4503 730 4536; x_wconf 92' lang='lat' dir='ltr'><strong>n.</strong></span> <span class='ocrx_word' id='word_1_404' title='bbox 752 4487 885 4536; x_wconf 74' lang='lat' dir='ltr'><strong>tta-138</strong></span> <span class='ocrx_word' id='word_1_405' title='bbox 912 4492 936 4534; x_wconf 91' lang='lat' dir='ltr'><strong>ct</strong></span> <span class='ocrx_word' id='word_1_406' title='bbox 959 4502 984 4550; x_wconf 89' lang='lat' dir='ltr'><strong>p.</strong></span> <span class='ocrx_word' id='word_1_407' title='bbox 1008 4485 1123 4535; x_wconf 87' lang='grc'><strong>85-88</strong></span> <span class='ocrx_word' id='word_1_408' title='bbox 1148 4501 1173 4535; x_wconf 88' lang='lat' dir='ltr'><strong>n.</strong></span> <span class='ocrx_word' id='word_1_409' title='bbox 1198 4486 1348 4537; x_wconf 86' lang='grc'><strong>138-179</strong></span> <span class='ocrx_word' id='word_1_410' title='bbox 1373 4492 1399 4535; x_wconf 87' lang='lat' dir='ltr'><strong>et</strong></span> <span class='ocrx_word' id='word_1_411' title='bbox 1422 4503 1447 4551; x_wconf 92' lang='lat' dir='ltr'><strong>p.</strong></span> <span class='ocrx_word' id='word_1_412' title='bbox 1470 4487 1623 4536; x_wconf 82' lang='grc'><strong>182-185</strong></span> 
     </span>
     <span class='ocr_line' id='line_1_39' title="bbox 292 4577 1624 4642; baseline -0.001 -13"><span class='ocrx_word' id='word_1_413' title='bbox 292 4597 318 4629; x_wconf 91' lang='lat' dir='ltr'><strong>n.</strong></span> <span class='ocrx_word' id='word_1_414' title='bbox 334 4579 485 4629; x_wconf 80' lang='grc'><strong>180-221.</strong></span> <span class='ocrx_word' id='word_1_415' title='bbox 530 4578 614 4628; x_wconf 85' lang='lat' dir='ltr'><strong>Citari</strong></span> <span class='ocrx_word' id='word_1_416' title='bbox 633 4578 745 4641; x_wconf 87' lang='lat' dir='ltr'><strong>priorem</strong></span> <span class='ocrx_word' id='word_1_417' title='bbox 767 4578 858 4627; x_wconf 85' lang='lat' dir='ltr'><strong>seriem</strong></span> <span class='ocrx_word' id='word_1_418' title='bbox 882 4577 928 4627; x_wconf 84' lang='lat' dir='ltr'><strong>sub</strong></span> <span class='ocrx_word' id='word_1_419' title='bbox 954 4577 1152 4640; x_wconf 85' lang='lat' dir='ltr'><strong>praescriptione</strong></span> <span class='ocrx_word' id='word_1_420' title='bbox 1177 4579 1260 4638; x_wconf 80' lang='lat' dir='ltr'><strong>mira,</strong></span> <span class='ocrx_word' id='word_1_421' title='bbox 1285 4578 1454 4641; x_wconf 78' lang='lat' dir='ltr'><strong>posteriorem</strong></span> <span class='ocrx_word' id='word_1_422' title='bbox 1477 4577 1525 4628; x_wconf 90' lang='lat' dir='ltr'><strong>sub</strong></span> <span class='ocrx_word' id='word_1_423' title='bbox 1548 4592 1624 4642; x_wconf 77' lang='lat' dir='ltr'><strong>prae·</strong></span> 
     </span>
     <span class='ocr_line' id='line_1_40' title="bbox 292 4666 1622 4735; baseline -0.002 -13"><span class='ocrx_word' id='word_1_424' title='bbox 292 4671 431 4735; x_wconf 83' lang='lat' dir='ltr'><strong>scriptione</strong></span> <span class='ocrx_word' id='word_1_425' title='bbox 449 4666 575 4719; x_wconf 80' lang='lat' dir='ltr'><strong>Vallentr&#39;n</strong></span> <span class='ocrx_word' id='word_1_426' title='bbox 595 4669 690 4718; x_wconf 87' lang='lat' dir='ltr'><strong>additis</strong></span> <span class='ocrx_word' id='word_1_427' title='bbox 709 4670 831 4719; x_wconf 84' lang='lat' dir='ltr'><strong>numeris.</strong></span> <span class='ocrx_word' id='word_1_428' title='bbox 877 4670 960 4719; x_wconf 80' lang='lat' dir='ltr'><strong>Huius</strong></span> <span class='ocrx_word' id='word_1_429' title='bbox 980 4669 1138 4719; x_wconf 86' lang='lat' dir='ltr'><strong>monumenti</strong></span> <span class='ocrx_word' id='word_1_430' title='bbox 1165 4670 1254 4734; x_wconf 83' lang='lat' dir='ltr'><strong>cippos</strong></span> <span class='ocrx_word' id='word_1_431' title='bbox 1276 4676 1391 4719; x_wconf 83' lang='lat' dir='ltr'><strong>servatos</strong></span> <span class='ocrx_word' id='word_1_432' title='bbox 1416 4668 1494 4720; x_wconf 83' lang='lat' dir='ltr'><strong>hodio</strong></span> <span class='ocrx_word' id='word_1_433' title='bbox 1514 4668 1622 4720; x_wconf 82' lang='lat' dir='ltr'><strong>Cartha·</strong></span> 
     </span>
    </p>
   </div>
   <div class='ocr_carea' id='block_1_5' title="bbox 294 4853 550 4905">
    <p class='ocr_par' dir='ltr' id='par_1_9' title="bbox 294 4853 550 4905">
     <span class='ocr_line' id='line_1_41' title="bbox 294 4853 550 4905; baseline -0.012 0"><span class='ocrx_word' id='word_1_434' title='bbox 294 4856 400 4905; x_wconf 87' lang='lat' dir='ltr'><strong>busdam</strong></span> <span class='ocrx_word' id='word_1_435' title='bbox 426 4853 550 4903; x_wconf 81' lang='lat' dir='ltr'><strong>consului.</strong></span> 
     </span>
    </p>
   </div>
   <div class='ocr_carea' id='block_1_6' title="bbox 296 4962 1624 5106">
    <p class='ocr_par' dir='ltr' id='par_1_10' title="bbox 296 4962 1624 5106">
     <span class='ocr_line' id='line_1_42' title="bbox 350 4962 1624 5025; baseline 0 -12"><span class='ocrx_word' id='word_1_436' title='bbox 350 4963 374 5025; x_wconf 74' lang='grc'><strong>2)</strong></span> <span class='ocrx_word' id='word_1_437' title='bbox 396 4964 419 5013; x_wconf 78' lang='lat' dir='ltr'><em>A</em></span> <span class='ocrx_word' id='word_1_438' title='bbox 439 4980 465 5013; x_wconf 90' lang='lat' dir='ltr'><strong>n.</strong></span> <span class='ocrx_word' id='word_1_439' title='bbox 483 4966 523 5013; x_wconf 93' lang='grc'><strong>11.</strong></span> <span class='ocrx_word' id='word_1_440' title='bbox 545 4965 588 5013; x_wconf 90' lang='grc'><strong>61.</strong></span> <span class='ocrx_word' id='word_1_441' title='bbox 610 4965 653 5012; x_wconf 91' lang='grc'><strong>87.</strong></span> <span class='ocrx_word' id='word_1_442' title='bbox 677 4964 736 5012; x_wconf 90' lang='grc'><strong>105.</strong></span> <span class='ocrx_word' id='word_1_443' title='bbox 760 4965 818 5012; x_wconf 92' lang='grc'><strong>112.</strong></span> <span class='ocrx_word' id='word_1_444' title='bbox 841 4964 900 5011; x_wconf 74' lang='grc'><strong>146.</strong></span> <span class='ocrx_word' id='word_1_445' title='bbox 924 4964 983 5013; x_wconf 92' lang='grc'><strong>155.</strong></span> <span class='ocrx_word' id='word_1_446' title='bbox 1007 4963 1066 5012; x_wconf 76' lang='grc'><strong>171.</strong></span> <span class='ocrx_word' id='word_1_447' title='bbox 1089 4963 1148 5012; x_wconf 88' lang='grc'><strong>177.</strong></span> <span class='ocrx_word' id='word_1_448' title='bbox 1172 4965 1311 5014; x_wconf 69' lang='grc'><strong>188194.</strong></span> <span class='ocrx_word' id='word_1_449' title='bbox 1331 4965 1392 5016; x_wconf 87' lang='grc'><strong>202.</strong></span> <span class='ocrx_word' id='word_1_450' title='bbox 1407 4964 1469 5015; x_wconf 84' lang='grc'><strong>233.</strong></span> <span class='ocrx_word' id='word_1_451' title='bbox 1483 4963 1546 5015; x_wconf 83' lang='grc'><strong>236.</strong></span> <span class='ocrx_word' id='word_1_452' title='bbox 1560 4962 1624 5014; x_wconf 79' lang='grc'><strong>287.</strong></span> 
     </span>
     <span class='ocr_line' id='line_1_43' title="bbox 296 5054 1284 5106; baseline -0.002 0"><span class='ocrx_word' id='word_1_453' title='bbox 296 5057 358 5106; x_wconf 89' lang='grc'><strong>266.</strong></span> <span class='ocrx_word' id='word_1_454' title='bbox 379 5057 441 5106; x_wconf 87' lang='grc'><strong>267.</strong></span> <span class='ocrx_word' id='word_1_455' title='bbox 481 5054 766 5105; x_wconf 67' lang='lat' dir='ltr'><strong>Rauennate.</strong></span> <span class='ocrx_word' id='word_1_456' title='bbox 801 5055 869 5104; x_wconf 88' lang='lat' dir='ltr'><strong>Vall.</strong></span> <span class='ocrx_word' id='word_1_457' title='bbox 892 5056 952 5104; x_wconf 88' lang='grc'><strong>109.</strong></span> <span class='ocrx_word' id='word_1_458' title='bbox 974 5055 1035 5103; x_wconf 87' lang='grc'><strong>183.</strong></span> <span class='ocrx_word' id='word_1_459' title='bbox 1058 5055 1119 5104; x_wconf 80' lang='lat'><strong>194.</strong></span> <span class='ocrx_word' id='word_1_460' title='bbox 1141 5055 1201 5105; x_wconf 87' lang='grc'><strong>196.</strong></span> <span class='ocrx_word' id='word_1_461' title='bbox 1222 5056 1284 5105; x_wconf 89' lang='grc'><strong>205.</strong></span> 
     </span>
    </p>
   </div>
   <div class='ocr_carea' id='block_1_7' title="bbox 356 5161 1117 5226">
    <p class='ocr_par' dir='ltr' id='par_1_11' title="bbox 356 5161 1117 5226">
     <span class='ocr_line' id='line_1_44' title="bbox 356 5161 1117 5226; baseline -0.004 -11"><span class='ocrx_word' id='word_1_462' title='bbox 356 5162 470 5226; x_wconf 83' lang='lat' dir='ltr'><strong>¹)An.</strong></span> <span class='ocrx_word' id='word_1_463' title='bbox 487 5166 547 5215; x_wconf 86' lang='grc'><strong>151.</strong></span> <span class='ocrx_word' id='word_1_464' title='bbox 586 5161 698 5213; x_wconf 85' lang='lat' dir='ltr'><strong>Bmias.</strong></span> <span class='ocrx_word' id='word_1_465' title='bbox 719 5164 761 5213; x_wconf 84' lang='grc'><strong>56.</strong></span> <span class='ocrx_word' id='word_1_466' title='bbox 800 5162 868 5213; x_wconf 86' lang='lat' dir='ltr'><strong>Vall.</strong></span> <span class='ocrx_word' id='word_1_467' title='bbox 891 5165 951 5214; x_wconf 89' lang='grc'><strong>179.</strong></span> <span class='ocrx_word' id='word_1_468' title='bbox 974 5165 1033 5213; x_wconf 89' lang='grc'><strong>188.</strong></span> <span class='ocrx_word' id='word_1_469' title='bbox 1056 5164 1117 5213; x_wconf 89' lang='grc'><strong>189.</strong></span> 
     </span>
    </p>
   </div>
   <div class='ocr_carea' id='block_1_8' title="bbox 0 0 1730 5828">
    <p class='ocr_par' dir='ltr' id='par_1_12' title="bbox 0 0 1730 5828">
     <span class='ocr_line' id='line_1_45' title="bbox 0 0 1730 5828; baseline 0 3"><span class='ocrx_word' id='word_1_470' title='bbox 0 0 1730 5828; x_wconf 95' lang='lat' dir='ltr'><strong> </strong></span> 
     </span>
    </p>
   </div>
  </div>
 </body>
</html>
