<?xml version="1.0" encoding="UTF-8"?>
<!DOCTYPE html PUBLIC "-//W3C//DTD XHTML 1.0 Transitional//EN"
    "http://www.w3.org/TR/xhtml1/DTD/xhtml1-transitional.dtd">
<html xmlns="http://www.w3.org/1999/xhtml" xml:lang="en" lang="en">
 <head>
  <title>
</title>
<meta http-equiv="Content-Type" content="text/html;charset=utf-8" />
  <meta name='ocr-system' content='tesseract 3.04.00' />
  <meta name='ocr-capabilities' content='ocr_page ocr_carea ocr_par ocr_line ocrx_word'/>
</head>
<body>
  <div class='ocr_page' id='page_1' title='image "./ephemerisepigra01instgoog_0120.png"; bbox 0 0 3450 5828; ppageno 0'>
   <div class='ocr_carea' id='block_1_1' title="bbox 299 463 1056 532">
    <p class='ocr_par' dir='ltr' id='par_1_1' title="bbox 299 463 1056 532">
     <span class='ocr_line' id='line_1_1' title="bbox 299 463 1056 532; baseline -0.003 0"><span class='ocrx_word' id='word_1_1' title='bbox 299 463 368 532; x_wconf 82' lang='lat'>112</span> <span class='ocrx_word' id='word_1_2' title='bbox 873 478 1056 531; x_wconf 75' lang='lat' dir='ltr'>Mommsen</span> 
     </span>
    </p>
   </div>
   <div class='ocr_carea' id='block_1_2' title="bbox 1508 577 1628 588">
    <p class='ocr_par' dir='ltr' id='par_1_2' title="bbox 1508 577 1628 588">
     <span class='ocr_line' id='line_1_2' title="bbox 1508 577 1628 588; baseline 0.008 -1"><span class='ocrx_word' id='word_1_3' title='bbox 1508 577 1628 588; x_wconf 71' lang='lat'>——-——</span> 
     </span>
    </p>
   </div>
   <div class='ocr_carea' id='block_1_3' title="bbox 294 651 1638 3977">
    <p class='ocr_par' dir='ltr' id='par_1_3' title="bbox 294 651 1629 1034">
     <span class='ocr_line' id='line_1_3' title="bbox 295 651 1629 728; baseline -0.002 -18"><span class='ocrx_word' id='word_1_4' title='bbox 295 664 525 712; x_wconf 87' lang='lat' dir='ltr'>consentaneum</span> <span class='ocrx_word' id='word_1_5' title='bbox 549 661 604 711; x_wconf 89' lang='lat' dir='ltr'>est.</span> <span class='ocrx_word' id='word_1_6' title='bbox 638 653 853 709; x_wconf 81' lang='lat' dir='ltr'>Procuratores</span> <span class='ocrx_word' id='word_1_7' title='bbox 868 653 1021 728; x_wconf 88' lang='lat' dir='ltr'>regionum</span> <span class='ocrx_word' id='word_1_8' title='bbox 1038 652 1096 709; x_wconf 92' lang='lat' dir='ltr'>duo</span> <span class='ocrx_word' id='word_1_9' title='bbox 1112 669 1237 726; x_wconf 91' lang='lat' dir='ltr'>quorum</span> <span class='ocrx_word' id='word_1_10' title='bbox 1254 651 1322 710; x_wconf 92' lang='lat' dir='ltr'>iude</span> <span class='ocrx_word' id='word_1_11' title='bbox 1337 651 1437 728; x_wconf 85' lang='lat' dir='ltr'>elogia</span> <span class='ocrx_word' id='word_1_12' title='bbox 1451 651 1629 727; x_wconf 87' lang='lat' dir='ltr'>prodierunt</span> 
     </span>
     <span class='ocr_line' id='line_1_4' title="bbox 294 751 1629 829; baseline -0.002 -18"><span class='ocrx_word' id='word_1_13' title='bbox 294 755 426 814; x_wconf 89' lang='lat' dir='ltr'>libertini</span> <span class='ocrx_word' id='word_1_14' title='bbox 450 762 569 813; x_wconf 89' lang='lat' dir='ltr'>suntet</span> <span class='ocrx_word' id='word_1_15' title='bbox 590 754 682 813; x_wconf 88' lang='lat' dir='ltr'>infimi</span> <span class='ocrx_word' id='word_1_16' title='bbox 706 753 836 823; x_wconf 82' lang='lat' dir='ltr'>ordinis,</span> <span class='ocrx_word' id='word_1_17' title='bbox 869 753 973 829; x_wconf 89' lang='lat' dir='ltr'>quales</span> <span class='ocrx_word' id='word_1_18' title='bbox 995 761 1152 829; x_wconf 88' lang='lat' dir='ltr'>praeterea</span> <span class='ocrx_word' id='word_1_19' title='bbox 1172 753 1310 812; x_wconf 88' lang='lat' dir='ltr'>novimus</span> <span class='ocrx_word' id='word_1_20' title='bbox 1333 753 1427 811; x_wconf 89' lang='lat' dir='ltr'>saltus</span> <span class='ocrx_word' id='word_1_21' title='bbox 1449 751 1629 827; x_wconf 84' lang='lat' dir='ltr'>Massipiani</span> 
     </span>
     <span class='ocr_line' id='line_1_5' title="bbox 295 851 1628 930; baseline -0.002 -16"><span class='ocrx_word' id='word_1_22' title='bbox 295 866 324 914; x_wconf 90' lang='lat' dir='ltr'>et</span> <span class='ocrx_word' id='word_1_23' title='bbox 345 856 460 915; x_wconf 79' lang='lat' dir='ltr'>castelli</span> <span class='ocrx_word' id='word_1_24' title='bbox 483 851 710 930; x_wconf 89' lang='lat' dir='ltr'>Burunitani¹).</span> <span class='ocrx_word' id='word_1_25' title='bbox 754 854 868 913; x_wconf 87' lang='lat' dir='ltr'>Horum</span> <span class='ocrx_word' id='word_1_26' title='bbox 891 856 1028 913; x_wconf 90' lang='lat' dir='ltr'>condicio</span> <span class='ocrx_word' id='word_1_27' title='bbox 1053 873 1199 930; x_wconf 88' lang='lat' dir='ltr'>quaenam</span> <span class='ocrx_word' id='word_1_28' title='bbox 1226 854 1331 927; x_wconf 86' lang='lat' dir='ltr'>fuerit,</span> <span class='ocrx_word' id='word_1_29' title='bbox 1359 853 1561 912; x_wconf 77' lang='lat' dir='ltr'>illustrabitur</span> <span class='ocrx_word' id='word_1_30' title='bbox 1588 851 1628 911; x_wconf 86' lang='lat' dir='ltr'>iis</span> 
     </span>
     <span class='ocr_line' id='line_1_6' title="bbox 297 957 628 1034; baseline 0 -19"><span class='ocrx_word' id='word_1_31' title='bbox 297 977 371 1034; x_wconf 88' lang='lat' dir='ltr'>quae</span> <span class='ocrx_word' id='word_1_32' title='bbox 393 976 465 1015; x_wconf 88' lang='lat' dir='ltr'>mox</span> <span class='ocrx_word' id='word_1_33' title='bbox 486 957 628 1015; x_wconf 88' lang='lat' dir='ltr'>dicentur.</span> 
     </span>
    </p>

    <p class='ocr_par' dir='ltr' id='par_1_4' title="bbox 296 1056 1638 3977">
     <span class='ocr_line' id='line_1_7' title="bbox 339 1056 1627 1136; baseline -0.002 -21"><span class='ocrx_word' id='word_1_34' title='bbox 339 1060 515 1117; x_wconf 89' lang='lat' dir='ltr'>Adiutorum</span> <span class='ocrx_word' id='word_1_35' title='bbox 538 1057 677 1116; x_wconf 89' lang='lat' dir='ltr'>tabularii</span> <span class='ocrx_word' id='word_1_36' title='bbox 700 1059 764 1115; x_wconf 80' lang='lat' dir='ltr'>sire</span> <span class='ocrx_word' id='word_1_37' title='bbox 787 1058 1001 1116; x_wconf 71' lang='lat' dir='ltr'>tabulariorum</span> <span class='ocrx_word' id='word_1_38' title='bbox 1025 1059 1106 1131; x_wconf 89' lang='lat' dir='ltr'>(nam</span> <span class='ocrx_word' id='word_1_39' title='bbox 1130 1068 1160 1116; x_wconf 87' lang='lat' dir='ltr'>et</span> <span class='ocrx_word' id='word_1_40' title='bbox 1181 1058 1343 1136; x_wconf 86' lang='lat' dir='ltr'>singularis</span> <span class='ocrx_word' id='word_1_41' title='bbox 1360 1065 1389 1115; x_wconf 91' lang='lat' dir='ltr'>et</span> <span class='ocrx_word' id='word_1_42' title='bbox 1403 1056 1528 1133; x_wconf 87' lang='lat' dir='ltr'>pluralis</span> <span class='ocrx_word' id='word_1_43' title='bbox 1543 1074 1627 1133; x_wconf 90' lang='lat' dir='ltr'>repe·</span> 
     </span>
     <span class='ocr_line' id='line_1_8' title="bbox 296 1157 1627 1237; baseline -0.002 -20"><span class='ocrx_word' id='word_1_44' title='bbox 296 1161 372 1218; x_wconf 90' lang='lat' dir='ltr'>ritur</span> <span class='ocrx_word' id='word_1_45' title='bbox 393 1158 590 1237; x_wconf 90' lang='lat' dir='ltr'>perscriptus)</span> <span class='ocrx_word' id='word_1_46' title='bbox 612 1177 679 1216; x_wconf 92' lang='lat' dir='ltr'>cum</span> <span class='ocrx_word' id='word_1_47' title='bbox 704 1179 839 1237; x_wconf 84' lang='lat' dir='ltr'>magnam</span> <span class='ocrx_word' id='word_1_48' title='bbox 863 1160 979 1235; x_wconf 89' lang='lat' dir='ltr'>copiam</span> <span class='ocrx_word' id='word_1_49' title='bbox 1003 1159 1081 1217; x_wconf 89' lang='lat' dir='ltr'>tituli</span> <span class='ocrx_word' id='word_1_50' title='bbox 1103 1168 1163 1218; x_wconf 91' lang='lat' dir='ltr'>tam</span> <span class='ocrx_word' id='word_1_51' title='bbox 1181 1160 1278 1219; x_wconf 89' lang='lat' dir='ltr'>Italici</span> <span class='ocrx_word' id='word_1_52' title='bbox 1300 1176 1389 1235; x_wconf 87' lang='lat' dir='ltr'>quam</span> <span class='ocrx_word' id='word_1_53' title='bbox 1405 1157 1627 1235; x_wconf 80' lang='lat' dir='ltr'>provinciarum</span> 
     </span>
     <span class='ocr_line' id='line_1_9' title="bbox 298 1261 1628 1338; baseline -0.003 -19"><span class='ocrx_word' id='word_1_54' title='bbox 298 1261 500 1338; x_wconf 79' lang='lat' dir='ltr'>suppeditent,</span> <span class='ocrx_word' id='word_1_55' title='bbox 533 1261 583 1337; x_wconf 89' lang='lat' dir='ltr'>qui</span> <span class='ocrx_word' id='word_1_56' title='bbox 611 1280 711 1319; x_wconf 88' lang='lat' dir='ltr'>eorum</span> <span class='ocrx_word' id='word_1_57' title='bbox 738 1262 768 1318; x_wconf 93' lang='lat' dir='ltr'>in</span> <span class='ocrx_word' id='word_1_58' title='bbox 797 1261 904 1318; x_wconf 88' lang='lat' dir='ltr'>officiis</span> <span class='ocrx_word' id='word_1_59' title='bbox 932 1261 1054 1319; x_wconf 88' lang='lat' dir='ltr'>urbanis</span> <span class='ocrx_word' id='word_1_60' title='bbox 1081 1269 1253 1332; x_wconf 82' lang='lat' dir='ltr'>versantur,</span> <span class='ocrx_word' id='word_1_61' title='bbox 1284 1261 1316 1319; x_wconf 91' lang='lat' dir='ltr'>id</span> <span class='ocrx_word' id='word_1_62' title='bbox 1341 1261 1440 1336; x_wconf 88' lang='lat' dir='ltr'>ipsum</span> <span class='ocrx_word' id='word_1_63' title='bbox 1469 1277 1529 1319; x_wconf 91' lang='lat' dir='ltr'>non</span> <span class='ocrx_word' id='word_1_64' title='bbox 1557 1276 1628 1318; x_wconf 88' lang='lat' dir='ltr'>raro</span> 
     </span>
     <span class='ocr_line' id='line_1_10' title="bbox 297 1359 1629 1442; baseline -0.003 -21"><span class='ocrx_word' id='word_1_65' title='bbox 297 1364 466 1434; x_wconf 84' lang='lat' dir='ltr'>enuntiant,</span> <span class='ocrx_word' id='word_1_66' title='bbox 498 1361 673 1436; x_wconf 89' lang='lat' dir='ltr'>praesertim</span> <span class='ocrx_word' id='word_1_67' title='bbox 707 1362 967 1421; x_wconf 90' lang='lat' dir='ltr'>honoratissimum</span> <span class='ocrx_word' id='word_1_68' title='bbox 1002 1362 1133 1442; x_wconf 87' lang='lat' dir='ltr'>omnium</span> <span class='ocrx_word' id='word_1_69' title='bbox 1165 1382 1183 1420; x_wconf 89' lang='lat' dir='ltr'>a</span> <span class='ocrx_word' id='word_1_70' title='bbox 1215 1360 1435 1437; x_wconf 74' lang='lat' dir='ltr'>rationibus2),</span> <span class='ocrx_word' id='word_1_71' title='bbox 1471 1359 1525 1419; x_wconf 84' lang='lat' dir='ltr'>sed</span> <span class='ocrx_word' id='word_1_72' title='bbox 1555 1360 1629 1418; x_wconf 85' lang='lat' dir='ltr'>item</span> 
     </span>
     <span class='ocr_line' id='line_1_11' title="bbox 297 1462 1629 1540; baseline -0.002 -18"><span class='ocrx_word' id='word_1_73' title='bbox 297 1464 455 1522; x_wconf 79' lang='lat' dir='ltr'>vicesimae</span> <span class='ocrx_word' id='word_1_74' title='bbox 477 1462 725 1538; x_wconf 66' lang='lat' dir='ltr'>hereditatiuml)</span> <span class='ocrx_word' id='word_1_75' title='bbox 758 1464 889 1539; x_wconf 81' lang='lat' dir='ltr'>aliaque3</span> <span class='ocrx_word' id='word_1_76' title='bbox 923 1472 1027 1521; x_wconf 87' lang='lat' dir='ltr'>contra</span> <span class='ocrx_word' id='word_1_77' title='bbox 1048 1465 1098 1540; x_wconf 92' lang='lat' dir='ltr'>qui</span> <span class='ocrx_word' id='word_1_78' title='bbox 1122 1464 1292 1523; x_wconf 87' lang='lat' dir='ltr'>ministrant</span> <span class='ocrx_word' id='word_1_79' title='bbox 1318 1465 1349 1523; x_wconf 93' lang='lat' dir='ltr'>in</span> <span class='ocrx_word' id='word_1_80' title='bbox 1373 1462 1533 1522; x_wconf 85' lang='lat' dir='ltr'>tabulariis</span> <span class='ocrx_word' id='word_1_81' title='bbox 1559 1480 1629 1538; x_wconf 90' lang='lat' dir='ltr'>pro·</span> 
     </span>
     <span class='ocr_line' id='line_1_12' title="bbox 297 1563 1630 1641; baseline -0.004 -17"><span class='ocrx_word' id='word_1_82' title='bbox 297 1565 475 1637; x_wconf 83' lang='lat' dir='ltr'>vinciarnm,</span> <span class='ocrx_word' id='word_1_83' title='bbox 508 1572 625 1640; x_wconf 87' lang='lat' dir='ltr'>practer</span> <span class='ocrx_word' id='word_1_84' title='bbox 647 1565 873 1639; x_wconf 65' lang='lat' dir='ltr'>provinciaml)</span> <span class='ocrx_word' id='word_1_85' title='bbox 905 1582 1013 1623; x_wconf 91' lang='lat' dir='ltr'>munus</span> <span class='ocrx_word' id='word_1_86' title='bbox 1036 1565 1232 1623; x_wconf 89' lang='lat' dir='ltr'>determinare</span> <span class='ocrx_word' id='word_1_87' title='bbox 1254 1585 1314 1624; x_wconf 91' lang='lat' dir='ltr'>non</span> <span class='ocrx_word' id='word_1_88' title='bbox 1337 1564 1449 1638; x_wconf 87' lang='lat' dir='ltr'>solent,</span> <span class='ocrx_word' id='word_1_89' title='bbox 1483 1575 1512 1623; x_wconf 92' lang='lat' dir='ltr'>et</span> <span class='ocrx_word' id='word_1_90' title='bbox 1539 1563 1630 1641; x_wconf 89' lang='lat' dir='ltr'>primi</span> 
     </span>
     <span class='ocr_line' id='line_1_13' title="bbox 299 1665 1629 1744; baseline -0.002 -20"><span class='ocrx_word' id='word_1_91' title='bbox 299 1674 369 1725; x_wconf 90' lang='lat' dir='ltr'>sunt</span> <span class='ocrx_word' id='word_1_92' title='bbox 391 1667 421 1724; x_wconf 93' lang='lat' dir='ltr'>ni</span> <span class='ocrx_word' id='word_1_93' title='bbox 442 1666 533 1724; x_wconf 90' lang='lat' dir='ltr'>fallor</span> <span class='ocrx_word' id='word_1_94' title='bbox 555 1665 613 1724; x_wconf 92' lang='lat' dir='ltr'>duo</span> <span class='ocrx_word' id='word_1_95' title='bbox 636 1666 714 1724; x_wconf 90' lang='lat' dir='ltr'>tituli</span> <span class='ocrx_word' id='word_1_96' title='bbox 736 1685 827 1744; x_wconf 88' lang='lat' dir='ltr'>supra</span> <span class='ocrx_word' id='word_1_97' title='bbox 848 1666 934 1724; x_wconf 89' lang='lat' dir='ltr'>relati</span> <span class='ocrx_word' id='word_1_98' title='bbox 956 1676 985 1724; x_wconf 91' lang='lat' dir='ltr'>et</span> <span class='ocrx_word' id='word_1_99' title='bbox 1008 1668 1103 1725; x_wconf 89' lang='lat' dir='ltr'>adhuc</span> <span class='ocrx_word' id='word_1_100' title='bbox 1125 1667 1192 1737; x_wconf 90' lang='lat' dir='ltr'>soli,</span> <span class='ocrx_word' id='word_1_101' title='bbox 1215 1669 1265 1742; x_wconf 94' lang='lat' dir='ltr'>qui</span> <span class='ocrx_word' id='word_1_102' title='bbox 1281 1667 1486 1744; x_wconf 84' lang='lat' dir='ltr'>exceptionem</span> <span class='ocrx_word' id='word_1_103' title='bbox 1505 1665 1629 1723; x_wconf 86' lang='lat' dir='ltr'>faciant.</span> 
     </span>
     <span class='ocr_line' id='line_1_14' title="bbox 299 1767 1631 1845; baseline -0.002 -18"><span class='ocrx_word' id='word_1_104' title='bbox 299 1768 492 1827; x_wconf 86' lang='lat' dir='ltr'>Tributorum</span> <span class='ocrx_word' id='word_1_105' title='bbox 515 1776 613 1826; x_wconf 88' lang='lat' dir='ltr'>autem</span> <span class='ocrx_word' id='word_1_106' title='bbox 636 1767 880 1840; x_wconf 83' lang='lat' dir='ltr'>additamentum,</span> <span class='ocrx_word' id='word_1_107' title='bbox 902 1777 1043 1843; x_wconf 91' lang='lat' dir='ltr'>quantum</span> <span class='ocrx_word' id='word_1_108' title='bbox 1066 1779 1201 1845; x_wconf 89' lang='lat' dir='ltr'>apparet,</span> <span class='ocrx_word' id='word_1_109' title='bbox 1222 1769 1251 1826; x_wconf 93' lang='lat' dir='ltr'>id</span> <span class='ocrx_word' id='word_1_110' title='bbox 1275 1767 1477 1828; x_wconf 88' lang='lat' dir='ltr'>tantummodo</span> <span class='ocrx_word' id='word_1_111' title='bbox 1493 1767 1631 1827; x_wconf 86' lang='lat' dir='ltr'>enuntiat</span> 
     </span>
     <span class='ocr_line' id='line_1_15' title="bbox 299 1869 1630 1946; baseline -0.001 -19"><span class='ocrx_word' id='word_1_112' title='bbox 299 1870 378 1946; x_wconf 91' lang='lat' dir='ltr'>quod</span> <span class='ocrx_word' id='word_1_113' title='bbox 400 1869 439 1927; x_wconf 88' lang='lat' dir='ltr'>ad</span> <span class='ocrx_word' id='word_1_114' title='bbox 460 1887 563 1927; x_wconf 89' lang='lat' dir='ltr'>omncs</span> <span class='ocrx_word' id='word_1_115' title='bbox 584 1870 639 1927; x_wconf 93' lang='lat' dir='ltr'>hos</span> <span class='ocrx_word' id='word_1_116' title='bbox 661 1869 763 1927; x_wconf 87' lang='lat' dir='ltr'>titulos</span> <span class='ocrx_word' id='word_1_117' title='bbox 784 1869 936 1945; x_wconf 81' lang='lat' dir='ltr'>pervenit3</span> <span class='ocrx_word' id='word_1_118' title='bbox 958 1890 1026 1927; x_wconf 87' lang='lat' dir='ltr'>nam</span> <span class='ocrx_word' id='word_1_119' title='bbox 1049 1871 1228 1929; x_wconf 87' lang='lat' dir='ltr'>tabularium</span> <span class='ocrx_word' id='word_1_120' title='bbox 1255 1882 1285 1930; x_wconf 91' lang='lat' dir='ltr'>et</span> <span class='ocrx_word' id='word_1_121' title='bbox 1305 1872 1362 1929; x_wconf 93' lang='lat' dir='ltr'>hoc</span> <span class='ocrx_word' id='word_1_122' title='bbox 1383 1869 1544 1946; x_wconf 86' lang='lat' dir='ltr'>etreliqua</span> <span class='ocrx_word' id='word_1_123' title='bbox 1558 1886 1630 1944; x_wconf 89' lang='lat' dir='ltr'>pro·</span> 
     </span>
     <span class='ocr_line' id='line_1_16' title="bbox 299 1969 1631 2031; baseline 0.001 -3"><span class='ocrx_word' id='word_1_124' title='bbox 299 1971 440 2030; x_wconf 82' lang='lat' dir='ltr'>uincialia</span> <span class='ocrx_word' id='word_1_125' title='bbox 461 1970 636 2028; x_wconf 89' lang='lat' dir='ltr'>tributorum</span> <span class='ocrx_word' id='word_1_126' title='bbox 659 1987 751 2028; x_wconf 90' lang='lat' dir='ltr'>causa</span> <span class='ocrx_word' id='word_1_127' title='bbox 772 1971 934 2028; x_wconf 83' lang='lat' dir='ltr'>constituta</span> <span class='ocrx_word' id='word_1_128' title='bbox 950 1982 1028 2029; x_wconf 89' lang='lat' dir='ltr'>sunt.</span> <span class='ocrx_word' id='word_1_129' title='bbox 1044 2005 1084 2015; x_wconf 89' lang='lat'>-—</span> <span class='ocrx_word' id='word_1_130' title='bbox 1100 1969 1213 2031; x_wconf 84' lang='lat' dir='ltr'>Contra</span> <span class='ocrx_word' id='word_1_131' title='bbox 1226 1974 1343 2030; x_wconf 81' lang='lat' dir='ltr'>adiutor</span> <span class='ocrx_word' id='word_1_132' title='bbox 1356 1971 1516 2031; x_wconf 80' lang='lat' dir='ltr'>tabulario</span> <span class='ocrx_word' id='word_1_133' title='bbox 1529 1989 1631 2029; x_wconf 84' lang='lat' dir='ltr'>menso</span> 
     </span>
     <span class='ocr_line' id='line_1_17' title="bbox 306 2071 1632 2149; baseline -0.002 -17"><span class='ocrx_word' id='word_1_134' title='bbox 306 2074 430 2148; x_wconf 74' lang='lat' dir='ltr'>Vupensr‘</span> <span class='ocrx_word' id='word_1_135' title='bbox 450 2080 479 2130; x_wconf 91' lang='lat' dir='ltr'>et</span> <span class='ocrx_word' id='word_1_136' title='bbox 501 2092 536 2130; x_wconf 95' lang='lat' dir='ltr'>eo</span> <span class='ocrx_word' id='word_1_137' title='bbox 559 2072 677 2130; x_wconf 89' lang='lat' dir='ltr'>nornine</span> <span class='ocrx_word' id='word_1_138' title='bbox 699 2091 718 2128; x_wconf 89' lang='lat' dir='ltr'>a</span> <span class='ocrx_word' id='word_1_139' title='bbox 739 2071 861 2148; x_wconf 88' lang='lat' dir='ltr'>collegis</span> <span class='ocrx_word' id='word_1_140' title='bbox 883 2071 989 2143; x_wconf 86' lang='lat' dir='ltr'>differt,</span> <span class='ocrx_word' id='word_1_141' title='bbox 1012 2073 1091 2148; x_wconf 92' lang='lat' dir='ltr'>quod</span> <span class='ocrx_word' id='word_1_142' title='bbox 1113 2073 1270 2131; x_wconf 89' lang='lat' dir='ltr'>libertinus</span> <span class='ocrx_word' id='word_1_143' title='bbox 1292 2081 1348 2144; x_wconf 84' lang='lat' dir='ltr'>est,</span> <span class='ocrx_word' id='word_1_144' title='bbox 1370 2072 1476 2149; x_wconf 90' lang='lat' dir='ltr'>reliqui</span> <span class='ocrx_word' id='word_1_145' title='bbox 1500 2090 1559 2132; x_wconf 89' lang='lat' dir='ltr'>uno</span> <span class='ocrx_word' id='word_1_146' title='bbox 1574 2090 1632 2131; x_wconf 90' lang='lat' dir='ltr'>ex·</span> 
     </span>
     <span class='ocr_line' id='line_1_18' title="bbox 300 2173 1630 2250; baseline 0 -19"><span class='ocrx_word' id='word_1_147' title='bbox 300 2183 386 2250; x_wconf 92' lang='lat' dir='ltr'>cepto</span> <span class='ocrx_word' id='word_1_148' title='bbox 409 2174 496 2244; x_wconf 90' lang='lat' dir='ltr'>servi,</span> <span class='ocrx_word' id='word_1_149' title='bbox 520 2182 549 2231; x_wconf 90' lang='lat' dir='ltr'>et</span> <span class='ocrx_word' id='word_1_150' title='bbox 568 2174 752 2248; x_wconf 90' lang='lat' dir='ltr'>aliquantum</span> <span class='ocrx_word' id='word_1_151' title='bbox 768 2173 839 2231; x_wconf 91' lang='lat' dir='ltr'>facit</span> <span class='ocrx_word' id='word_1_152' title='bbox 854 2173 890 2230; x_wconf 91' lang='lat' dir='ltr'>ad</span> <span class='ocrx_word' id='word_1_153' title='bbox 906 2173 1092 2231; x_wconf 86' lang='lat' dir='ltr'>tributariam</span> <span class='ocrx_word' id='word_1_154' title='bbox 1108 2174 1397 2232; x_wconf 89' lang='lat' dir='ltr'>administrationem</span> <span class='ocrx_word' id='word_1_155' title='bbox 1412 2173 1630 2231; x_wconf 83' lang='lat' dir='ltr'>elucidandam.</span> 
     </span>
     <span class='ocr_line' id='line_1_19' title="bbox 300 2273 1632 2351; baseline -0.001 -19"><span class='ocrx_word' id='word_1_156' title='bbox 300 2275 446 2351; x_wconf 89' lang='lat' dir='ltr'>Iungendi</span> <span class='ocrx_word' id='word_1_157' title='bbox 469 2284 567 2333; x_wconf 89' lang='lat' dir='ltr'>antem</span> <span class='ocrx_word' id='word_1_158' title='bbox 591 2283 661 2332; x_wconf 91' lang='lat' dir='ltr'>sunt</span> <span class='ocrx_word' id='word_1_159' title='bbox 682 2294 748 2332; x_wconf 88' lang='lat' dir='ltr'>cunr</span> <span class='ocrx_word' id='word_1_160' title='bbox 772 2274 828 2331; x_wconf 93' lang='lat' dir='ltr'>hoc</span> <span class='ocrx_word' id='word_1_161' title='bbox 850 2273 934 2332; x_wconf 88' lang='lat' dir='ltr'>titulo</span> <span class='ocrx_word' id='word_1_162' title='bbox 961 2274 1013 2332; x_wconf 90' lang='lat' dir='ltr'>alii</span> <span class='ocrx_word' id='word_1_163' title='bbox 1039 2276 1112 2347; x_wconf 91' lang='lat' dir='ltr'>duo,</span> <span class='ocrx_word' id='word_1_164' title='bbox 1140 2275 1214 2333; x_wconf 89' lang='lat' dir='ltr'>alter</span> <span class='ocrx_word' id='word_1_165' title='bbox 1241 2295 1278 2333; x_wconf 88' lang='lat' dir='ltr'>ex</span> <span class='ocrx_word' id='word_1_166' title='bbox 1307 2274 1411 2333; x_wconf 91' lang='lat' dir='ltr'>eodem</span> <span class='ocrx_word' id='word_1_167' title='bbox 1437 2282 1632 2333; x_wconf 89' lang='lat' dir='ltr'>monumento</span> 
     </span>
     <span class='ocr_line' id='line_1_20' title="bbox 300 2375 1634 2453; baseline 0 -19"><span class='ocrx_word' id='word_1_168' title='bbox 300 2377 436 2453; x_wconf 89' lang='lat' dir='ltr'>prolatus</span> <span class='ocrx_word' id='word_1_169' title='bbox 459 2378 666 2452; x_wconf 72' lang='lat' dir='ltr'>dispensatorie</span> <span class='ocrx_word' id='word_1_170' title='bbox 689 2379 812 2450; x_wconf 72' lang='lat' dir='ltr'>regionis</span> <span class='ocrx_word' id='word_1_171' title='bbox 835 2376 1020 2452; x_wconf 70' lang='lat' dir='ltr'>Ttuppensia</span> <span class='ocrx_word' id='word_1_172' title='bbox 1042 2397 1109 2435; x_wconf 90' lang='lat' dir='ltr'>nam</span> <span class='ocrx_word' id='word_1_173' title='bbox 1132 2395 1237 2435; x_wconf 89' lang='lat' dir='ltr'>mensa</span> <span class='ocrx_word' id='word_1_174' title='bbox 1258 2384 1291 2434; x_wconf 90' lang='lat' dir='ltr'>ut</span> <span class='ocrx_word' id='word_1_175' title='bbox 1311 2395 1409 2436; x_wconf 85' lang='lat' dir='ltr'>arcam</span> <span class='ocrx_word' id='word_1_176' title='bbox 1430 2376 1566 2453; x_wconf 83' lang='lat' dir='ltr'>requirit,</span> <span class='ocrx_word' id='word_1_177' title='bbox 1587 2375 1634 2434; x_wconf 81' lang='lat' dir='ltr'>ita</span> 
     </span>
     <span class='ocr_line' id='line_1_21' title="bbox 301 2477 1633 2556; baseline 0 -21"><span class='ocrx_word' id='word_1_178' title='bbox 301 2479 493 2555; x_wconf 89' lang='lat' dir='ltr'>dispeusator</span> <span class='ocrx_word' id='word_1_179' title='bbox 518 2497 635 2555; x_wconf 90' lang='lat' dir='ltr'>quoque</span> <span class='ocrx_word' id='word_1_180' title='bbox 668 2478 716 2535; x_wconf 91' lang='lat' dir='ltr'>ubi</span> <span class='ocrx_word' id='word_1_181' title='bbox 750 2477 846 2549; x_wconf 88' lang='lat' dir='ltr'>adest,</span> <span class='ocrx_word' id='word_1_182' title='bbox 879 2478 920 2535; x_wconf 91' lang='lat' dir='ltr'>ibi</span> <span class='ocrx_word' id='word_1_183' title='bbox 955 2497 1025 2537; x_wconf 87' lang='lat' dir='ltr'>arcu</span> <span class='ocrx_word' id='word_1_184' title='bbox 1054 2479 1144 2537; x_wconf 89' lang='lat' dir='ltr'>fuerit</span> <span class='ocrx_word' id='word_1_185' title='bbox 1173 2496 1297 2537; x_wconf 89' lang='lat' dir='ltr'>necesse</span> <span class='ocrx_word' id='word_1_186' title='bbox 1327 2486 1388 2550; x_wconf 89' lang='lat' dir='ltr'>est,</span> <span class='ocrx_word' id='word_1_187' title='bbox 1421 2477 1633 2556; x_wconf 88' lang='lat' dir='ltr'>colligiturque</span> 
     </span>
     <span class='ocr_line' id='line_1_22' title="bbox 300 2579 1634 2658; baseline -0.001 -20"><span class='ocrx_word' id='word_1_188' title='bbox 300 2581 369 2638; x_wconf 90' lang='lat' dir='ltr'>hinc</span> <span class='ocrx_word' id='word_1_189' title='bbox 392 2588 424 2638; x_wconf 92' lang='lat' dir='ltr'>ut</span> <span class='ocrx_word' id='word_1_190' title='bbox 438 2580 540 2656; x_wconf 87' lang='lat' dir='ltr'>Vagae</span> <span class='ocrx_word' id='word_1_191' title='bbox 562 2581 605 2638; x_wconf 87' lang='lat' dir='ltr'>ita</span> <span class='ocrx_word' id='word_1_192' title='bbox 618 2579 762 2658; x_wconf 85' lang='lat' dir='ltr'>Thuggae</span> <span class='ocrx_word' id='word_1_193' title='bbox 784 2600 902 2658; x_wconf 89' lang='lat' dir='ltr'>quoque</span> <span class='ocrx_word' id='word_1_194' title='bbox 925 2598 1057 2640; x_wconf 90' lang='lat' dir='ltr'>mensam</span> <span class='ocrx_word' id='word_1_195' title='bbox 1078 2580 1186 2651; x_wconf 85' lang='lat' dir='ltr'>fuisse3</span> <span class='ocrx_word' id='word_1_196' title='bbox 1208 2580 1285 2637; x_wconf 89' lang='lat' dir='ltr'>altcr</span> <span class='ocrx_word' id='word_1_197' title='bbox 1304 2583 1474 2657; x_wconf 88' lang='lat' dir='ltr'>nuperrime</span> <span class='ocrx_word' id='word_1_198' title='bbox 1493 2587 1634 2655; x_wconf 88' lang='lat' dir='ltr'>repertus</span> 
     </span>
     <span class='ocr_line' id='line_1_23' title="bbox 301 2680 1636 2760; baseline -0.002 -20"><span class='ocrx_word' id='word_1_199' title='bbox 301 2701 394 2760; x_wconf 87' lang='lat' dir='ltr'>prope</span> <span class='ocrx_word' id='word_1_200' title='bbox 416 2683 549 2740; x_wconf 88' lang='lat' dir='ltr'>Avittam</span> <span class='ocrx_word' id='word_1_201' title='bbox 571 2681 697 2740; x_wconf 90' lang='lat' dir='ltr'>Bibbam</span> <span class='ocrx_word' id='word_1_202' title='bbox 719 2682 821 2757; x_wconf 81' lang='lat' dir='ltr'>lric⁵):</span> <span class='ocrx_word' id='word_1_203' title='bbox 858 2683 957 2742; x_wconf 82' lang='lat' dir='ltr'>Veneri</span> <span class='ocrx_word' id='word_1_204' title='bbox 981 2681 1158 2758; x_wconf 54' lang='lat' dir='ltr'>Augustae)</span> <span class='ocrx_word' id='word_1_205' title='bbox 1180 2681 1321 2757; x_wconf 84' lang='lat' dir='ltr'>auc(rura)</span> <span class='ocrx_word' id='word_1_206' title='bbox 1343 2682 1447 2740; x_wconf 84' lang='lat' dir='ltr'>Delius</span> <span class='ocrx_word' id='word_1_207' title='bbox 1470 2680 1636 2740; x_wconf 78' lang='lat' dir='ltr'>Abascantf</span> 
     </span>
     <span class='ocr_line' id='line_1_24' title="bbox 301 2783 1637 2860; baseline -0.001 -18"><span class='ocrx_word' id='word_1_208' title='bbox 301 2784 455 2859; x_wconf 76' lang='lat' dir='ltr'>Au9(usti)</span> <span class='ocrx_word' id='word_1_209' title='bbox 482 2783 587 2858; x_wconf 80' lang='lat' dir='ltr'>uil(fci)</span> <span class='ocrx_word' id='word_1_210' title='bbox 614 2784 768 2860; x_wconf 80' lang='lat' dir='ltr'>cic(arius)</span> <span class='ocrx_word' id='word_1_211' title='bbox 798 2785 932 2844; x_wconf 84' lang='lat' dir='ltr'>teloneum</span> <span class='ocrx_word' id='word_1_212' title='bbox 959 2805 978 2842; x_wconf 86' lang='lat' dir='ltr'>a</span> <span class='ocrx_word' id='word_1_213' title='bbox 997 2785 1196 2858; x_wconf 72' lang='lat' dir='ltr'>fundamentis</span> <span class='ocrx_word' id='word_1_214' title='bbox 1223 2802 1277 2840; x_wconf 88' lang='lat' dir='ltr'>suo</span> <span class='ocrx_word' id='word_1_215' title='bbox 1303 2787 1431 2859; x_wconf 83' lang='lat' dir='ltr'>impensa</span> <span class='ocrx_word' id='word_1_216' title='bbox 1457 2786 1581 2841; x_wconf 78' lang='lat' dir='ltr'>restituit</span> <span class='ocrx_word' id='word_1_217' title='bbox 1608 2793 1637 2840; x_wconf 79' lang='lat' dir='ltr'>ct</span> 
     </span>
     <span class='ocr_line' id='line_1_25' title="bbox 301 2883 1636 2961; baseline -0.002 -16"><span class='ocrx_word' id='word_1_218' title='bbox 301 2886 466 2960; x_wconf 82' lang='lat' dir='ltr'>ampliavit,</span> <span class='ocrx_word' id='word_1_219' title='bbox 493 2886 543 2943; x_wconf 92' lang='lat' dir='ltr'>ubi</span> <span class='ocrx_word' id='word_1_220' title='bbox 570 2904 636 2943; x_wconf 90' lang='lat' dir='ltr'>cum</span> <span class='ocrx_word' id='word_1_221' title='bbox 663 2895 785 2961; x_wconf 91' lang='lat' dir='ltr'>propter</span> <span class='ocrx_word' id='word_1_222' title='bbox 811 2888 909 2945; x_wconf 91' lang='lat' dir='ltr'>locum</span> <span class='ocrx_word' id='word_1_223' title='bbox 937 2887 1026 2944; x_wconf 89' lang='lat' dir='ltr'>situm</span> <span class='ocrx_word' id='word_1_224' title='bbox 1052 2885 1082 2942; x_wconf 92' lang='lat' dir='ltr'>in</span> <span class='ocrx_word' id='word_1_225' title='bbox 1110 2885 1207 2943; x_wconf 88' lang='lat' dir='ltr'>media</span> <span class='ocrx_word' id='word_1_226' title='bbox 1229 2885 1332 2943; x_wconf 87' lang='lat' dir='ltr'>Africa</span> <span class='ocrx_word' id='word_1_227' title='bbox 1361 2883 1566 2961; x_wconf 82' lang='lat' dir='ltr'>proconsulari</span> <span class='ocrx_word' id='word_1_228' title='bbox 1596 2884 1636 2942; x_wconf 88' lang='lat' dir='ltr'>de</span> 
     </span>
     <span class='ocr_line' id='line_1_26' title="bbox 300 2982 1634 3064; baseline -0.001 -20"><span class='ocrx_word' id='word_1_229' title='bbox 300 2988 434 3064; x_wconf 91' lang='lat' dir='ltr'>portorio</span> <span class='ocrx_word' id='word_1_230' title='bbox 467 2987 590 3062; x_wconf 88' lang='lat' dir='ltr'>cogitari</span> <span class='ocrx_word' id='word_1_231' title='bbox 624 3006 684 3045; x_wconf 92' lang='lat' dir='ltr'>non</span> <span class='ocrx_word' id='word_1_232' title='bbox 716 2989 824 3064; x_wconf 84' lang='lat' dir='ltr'>possit,</span> <span class='ocrx_word' id='word_1_233' title='bbox 865 2982 1047 3062; x_wconf 65' lang='grc' dir='ltr'>τελωνεῒονθ)</span> <span class='ocrx_word' id='word_1_234' title='bbox 1081 2989 1161 3062; x_wconf 92' lang='lat' dir='ltr'>quod</span> <span class='ocrx_word' id='word_1_235' title='bbox 1192 2987 1250 3045; x_wconf 89' lang='lat' dir='ltr'>fuit</span> <span class='ocrx_word' id='word_1_236' title='bbox 1286 2986 1408 3045; x_wconf 86' lang='lat' dir='ltr'>Avittae</span> <span class='ocrx_word' id='word_1_237' title='bbox 1448 2985 1503 3044; x_wconf 90' lang='lat' dir='ltr'>sub</span> <span class='ocrx_word' id='word_1_238' title='bbox 1542 2985 1634 3043; x_wconf 89' lang='lat' dir='ltr'>vilico</span> 
     </span>
     <span class='ocr_line' id='line_1_27' title="bbox 302 3086 1636 3167; baseline -0.001 -21"><span class='ocrx_word' id='word_1_239' title='bbox 302 3089 429 3164; x_wconf 84' lang='lat' dir='ltr'>Augusti</span> <span class='ocrx_word' id='word_1_240' title='bbox 457 3088 521 3146; x_wconf 91' lang='lat' dir='ltr'>iure</span> <span class='ocrx_word' id='word_1_241' title='bbox 548 3097 740 3164; x_wconf 89' lang='lat' dir='ltr'>componetur</span> <span class='ocrx_word' id='word_1_242' title='bbox 765 3108 830 3148; x_wconf 88' lang='lat' dir='ltr'>cunr</span> <span class='ocrx_word' id='word_1_243' title='bbox 857 3108 962 3148; x_wconf 90' lang='lat' dir='ltr'>mensa</span> <span class='ocrx_word' id='word_1_244' title='bbox 987 3089 1120 3167; x_wconf 81' lang='lat' dir='ltr'>Vagensi</span> <span class='ocrx_word' id='word_1_245' title='bbox 1148 3101 1231 3147; x_wconf 87' lang='lat' dir='ltr'>recta</span> <span class='ocrx_word' id='word_1_246' title='bbox 1261 3089 1299 3146; x_wconf 90' lang='lat' dir='ltr'>ab</span> <span class='ocrx_word' id='word_1_247' title='bbox 1325 3087 1459 3146; x_wconf 85' lang='lat' dir='ltr'>adiutore</span> <span class='ocrx_word' id='word_1_248' title='bbox 1490 3086 1636 3145; x_wconf 89' lang='lat' dir='ltr'>tabularii</span> 
     </span>
     <span class='ocr_line' id='line_1_28' title="bbox 304 3187 1634 3264; baseline -0.002 -17"><span class='ocrx_word' id='word_1_249' title='bbox 304 3187 560 3264; x_wconf 84' lang='lat' dir='ltr'>Carthaginiensis</span> <span class='ocrx_word' id='word_1_250' title='bbox 576 3189 705 3264; x_wconf 84' lang='lat' dir='ltr'>Augusti</span> <span class='ocrx_word' id='word_1_251' title='bbox 724 3190 839 3248; x_wconf 88' lang='lat' dir='ltr'>liberto.</span> <span class='ocrx_word' id='word_1_252' title='bbox 878 3189 1001 3251; x_wconf 89' lang='lat' dir='ltr'>Scilicet</span> <span class='ocrx_word' id='word_1_253' title='bbox 1022 3190 1200 3250; x_wconf 89' lang='lat' dir='ltr'>tabularium</span> <span class='ocrx_word' id='word_1_254' title='bbox 1221 3189 1296 3248; x_wconf 89' lang='lat' dir='ltr'>illud</span> <span class='ocrx_word' id='word_1_255' title='bbox 1319 3189 1362 3247; x_wconf 87' lang='lat' dir='ltr'>itu</span> <span class='ocrx_word' id='word_1_256' title='bbox 1380 3189 1548 3247; x_wconf 85' lang='lat' dir='ltr'>ordinatum</span> <span class='ocrx_word' id='word_1_257' title='bbox 1564 3188 1634 3261; x_wconf 88' lang='lat' dir='ltr'>fuit,</span> 
     </span>
     <span class='ocr_line' id='line_1_29' title="bbox 304 3288 1634 3369; baseline -0.001 -21"><span class='ocrx_word' id='word_1_258' title='bbox 304 3302 335 3348; x_wconf 90' lang='lat' dir='ltr'>ut</span> <span class='ocrx_word' id='word_1_259' title='bbox 355 3309 408 3367; x_wconf 87' lang='lat' dir='ltr'>per</span> <span class='ocrx_word' id='word_1_260' title='bbox 430 3289 563 3366; x_wconf 87' lang='lat' dir='ltr'>singulas</span> <span class='ocrx_word' id='word_1_261' title='bbox 586 3297 699 3349; x_wconf 91' lang='lat' dir='ltr'>tractus</span> <span class='ocrx_word' id='word_1_262' title='bbox 718 3288 975 3367; x_wconf 84' lang='lat' dir='ltr'>Carthaginiensis</span> <span class='ocrx_word' id='word_1_263' title='bbox 997 3293 1134 3369; x_wconf 78' lang='lat' dir='ltr'>regiones</span> <span class='ocrx_word' id='word_1_264' title='bbox 1158 3291 1310 3367; x_wconf 89' lang='lat' dir='ltr'>(nimirum</span> <span class='ocrx_word' id='word_1_265' title='bbox 1333 3290 1447 3349; x_wconf 89' lang='lat' dir='ltr'>ordinis</span> <span class='ocrx_word' id='word_1_266' title='bbox 1469 3290 1634 3363; x_wconf 83' lang='lat' dir='ltr'>inferioris,</span> 
     </span>
     <span class='ocr_line' id='line_1_30' title="bbox 303 3391 1635 3471; baseline -0.001 -21"><span class='ocrx_word' id='word_1_267' title='bbox 303 3411 360 3450; x_wconf 93' lang='lat' dir='ltr'>non</span> <span class='ocrx_word' id='word_1_268' title='bbox 383 3410 419 3449; x_wconf 89' lang='lat' dir='ltr'>eo</span> <span class='ocrx_word' id='word_1_269' title='bbox 442 3409 541 3462; x_wconf 90' lang='lat' dir='ltr'>sensu,</span> <span class='ocrx_word' id='word_1_270' title='bbox 564 3411 623 3468; x_wconf 92' lang='lat' dir='ltr'>quo</span> <span class='ocrx_word' id='word_1_271' title='bbox 645 3392 727 3468; x_wconf 83' lang='lat' dir='ltr'>regio</span> <span class='ocrx_word' id='word_1_272' title='bbox 749 3395 958 3471; x_wconf 87' lang='lat' dir='ltr'>aequiparatur</span> <span class='ocrx_word' id='word_1_273' title='bbox 973 3393 1093 3469; x_wconf 90' lang='lat' dir='ltr'>tractui)</span> <span class='ocrx_word' id='word_1_274' title='bbox 1110 3404 1140 3452; x_wconf 93' lang='lat' dir='ltr'>et</span> <span class='ocrx_word' id='word_1_275' title='bbox 1154 3402 1362 3469; x_wconf 87' lang='lat' dir='ltr'>procuratores</span> <span class='ocrx_word' id='word_1_276' title='bbox 1376 3410 1426 3451; x_wconf 89' lang='lat' dir='ltr'>res</span> <span class='ocrx_word' id='word_1_277' title='bbox 1441 3391 1635 3451; x_wconf 84' lang='lat' dir='ltr'>administra·</span> 
     </span>
     <span class='ocr_line' id='line_1_31' title="bbox 303 3493 1638 3578; baseline 0.001 -28"><span class='ocrx_word' id='word_1_278' title='bbox 303 3503 368 3551; x_wconf 89' lang='lat' dir='ltr'>rent</span> <span class='ocrx_word' id='word_1_279' title='bbox 389 3493 502 3550; x_wconf 86' lang='lat' dir='ltr'>ordinis</span> <span class='ocrx_word' id='word_1_280' title='bbox 523 3493 653 3551; x_wconf 87' lang='lat' dir='ltr'>libertini</span> <span class='ocrx_word' id='word_1_281' title='bbox 676 3502 705 3551; x_wconf 84' lang='lat' dir='ltr'>et</span> <span class='ocrx_word' id='word_1_282' title='bbox 727 3495 782 3552; x_wconf 91' lang='lat' dir='ltr'>sub</span> <span class='ocrx_word' id='word_1_283' title='bbox 803 3496 840 3552; x_wconf 92' lang='lat' dir='ltr'>iis</span> <span class='ocrx_word' id='word_1_284' title='bbox 862 3515 981 3554; x_wconf 88' lang='lat' dir='ltr'>mensae</span> <span class='ocrx_word' id='word_1_285' title='bbox 1003 3495 1122 3554; x_wconf 89' lang='lat' dir='ltr'>fiscales</span> <span class='ocrx_word' id='word_1_286' title='bbox 1145 3495 1208 3553; x_wconf 89' lang='lat' dir='ltr'>sive</span> <span class='ocrx_word' id='word_1_287' title='bbox 1231 3496 1361 3551; x_wconf 73' lang='grc' dir='ltr'>τελωνεῒα</span> <span class='ocrx_word' id='word_1_288' title='bbox 1379 3494 1638 3578; x_wconf 84' lang='lat' dir='ltr'>constituerentur</span> 
     </span>
     <span class='ocr_line' id='line_1_32' title="bbox 303 3594 1636 3673; baseline 0.001 -22"><span class='ocrx_word' id='word_1_289' title='bbox 303 3594 475 3670; x_wconf 89' lang='lat' dir='ltr'>praeposito</span> <span class='ocrx_word' id='word_1_290' title='bbox 498 3594 633 3652; x_wconf 88' lang='lat' dir='ltr'>adiutore</span> <span class='ocrx_word' id='word_1_291' title='bbox 654 3595 830 3671; x_wconf 89' lang='lat' dir='ltr'>adiectoque</span> <span class='ocrx_word' id='word_1_292' title='bbox 851 3597 1057 3673; x_wconf 86' lang='lat' dir='ltr'>dispensatore</span> <span class='ocrx_word' id='word_1_293' title='bbox 1079 3607 1110 3654; x_wconf 87' lang='lat' dir='ltr'>ct</span> <span class='ocrx_word' id='word_1_294' title='bbox 1130 3596 1218 3655; x_wconf 86' lang='lat' dir='ltr'>vilico</span> <span class='ocrx_word' id='word_1_295' title='bbox 1243 3615 1311 3654; x_wconf 90' lang='lat' dir='ltr'>cum</span> <span class='ocrx_word' id='word_1_296' title='bbox 1339 3596 1450 3654; x_wconf 86' lang='lat' dir='ltr'>vicario</span> <span class='ocrx_word' id='word_1_297' title='bbox 1475 3595 1552 3667; x_wconf 87' lang='lat' dir='ltr'>cius,</span> <span class='ocrx_word' id='word_1_298' title='bbox 1580 3613 1636 3671; x_wconf 91' lang='lat' dir='ltr'>per</span> 
     </span>
     <span class='ocr_line' id='line_1_33' title="bbox 303 3676 1635 3774; baseline 0.002 -22"><span class='ocrx_word' id='word_1_299' title='bbox 303 3713 378 3770; x_wconf 88' lang='lat' dir='ltr'>quas</span> <span class='ocrx_word' id='word_1_300' title='bbox 401 3714 519 3753; x_wconf 88' lang='lat' dir='ltr'>mensas</span> <span class='ocrx_word' id='word_1_301' title='bbox 542 3696 631 3755; x_wconf 90' lang='lat' dir='ltr'>fiscus</span> <span class='ocrx_word' id='word_1_302' title='bbox 653 3715 730 3772; x_wconf 88' lang='lat' dir='ltr'>quae</span> <span class='ocrx_word' id='word_1_303' title='bbox 753 3698 896 3756; x_wconf 82' lang='lat' dir='ltr'>solvenda</span> <span class='ocrx_word' id='word_1_304' title='bbox 917 3707 1002 3756; x_wconf 90' lang='lat' dir='ltr'>erant</span> <span class='ocrx_word' id='word_1_305' title='bbox 1030 3676 1213 3769; x_wconf 85' lang='lat' dir='ltr'>numeraret,</span> <span class='ocrx_word' id='word_1_306' title='bbox 1240 3716 1315 3773; x_wconf 89' lang='lat' dir='ltr'>quae</span> <span class='ocrx_word' id='word_1_307' title='bbox 1337 3695 1521 3774; x_wconf 89' lang='lat' dir='ltr'>praestanda</span> <span class='ocrx_word' id='word_1_308' title='bbox 1546 3704 1635 3755; x_wconf 89' lang='lat' dir='ltr'>erant</span> 
     </span>
     <span class='ocr_line' id='line_1_34' title="bbox 303 3790 1634 3881; baseline -0.001 -26"><span class='ocrx_word' id='word_1_309' title='bbox 303 3796 459 3872; x_wconf 88' lang='lat' dir='ltr'>acciperet.</span> <span class='ocrx_word' id='word_1_310' title='bbox 497 3796 642 3857; x_wconf 88' lang='lat' dir='ltr'>Similiter</span> <span class='ocrx_word' id='word_1_311' title='bbox 663 3800 692 3855; x_wconf 93' lang='lat' dir='ltr'>in</span> <span class='ocrx_word' id='word_1_312' title='bbox 710 3801 849 3874; x_wconf 78' lang='lat' dir='ltr'>Aegypto</span> <span class='ocrx_word' id='word_1_313' title='bbox 872 3801 925 3858; x_wconf 89' lang='lat' dir='ltr'>sub</span> <span class='ocrx_word' id='word_1_314' title='bbox 942 3800 1122 3857; x_wconf 86' lang='lat' dir='ltr'>Ptolemaeis</span> <span class='ocrx_word' id='word_1_315' title='bbox 1146 3819 1198 3874; x_wconf 86' lang='lat' dir='ltr'>per</span> <span class='ocrx_word' id='word_1_316' title='bbox 1221 3798 1356 3874; x_wconf 83' lang='lat' dir='ltr'>singulos</span> <span class='ocrx_word' id='word_1_317' title='bbox 1372 3815 1476 3857; x_wconf 89' lang='lat' dir='ltr'>nomos</span> <span class='ocrx_word' id='word_1_318' title='bbox 1492 3790 1634 3881; x_wconf 61' lang='grc' dir='ltr'>τράπεζαι</span> 
     </span>
     <span class='ocr_line' id='line_1_35' title="bbox 303 3888 1636 3977; baseline 0.002 -24"><span class='ocrx_word' id='word_1_319' title='bbox 303 3888 456 3962; x_wconf 70' lang='grc' dir='ltr'><strong><em>βασιλικαὶ</em></strong></span> <span class='ocrx_word' id='word_1_320' title='bbox 477 3900 656 3958; x_wconf 89' lang='lat' dir='ltr'>constitutae</span> <span class='ocrx_word' id='word_1_321' title='bbox 678 3900 847 3976; x_wconf 81' lang='lat' dir='ltr'>fuorunt⁷)‚</span> <span class='ocrx_word' id='word_1_322' title='bbox 880 3902 1055 3975; x_wconf 85' lang='lat' dir='ltr'>videturque</span> <span class='ocrx_word' id='word_1_323' title='bbox 1075 3900 1152 3958; x_wconf 93' lang='lat' dir='ltr'>idem</span> <span class='ocrx_word' id='word_1_324' title='bbox 1178 3900 1346 3958; x_wconf 88' lang='lat' dir='ltr'>institutum</span> <span class='ocrx_word' id='word_1_325' title='bbox 1373 3916 1552 3977; x_wconf 88' lang='lat' dir='ltr'>quamquam</span> <span class='ocrx_word' id='word_1_326' title='bbox 1580 3916 1636 3956; x_wconf 94' lang='lat' dir='ltr'>no·</span> 
     </span>
    </p>
   </div>
   <div class='ocr_carea' id='block_1_4' title="bbox 303 4044 506 4055">
    <p class='ocr_par' dir='ltr' id='par_1_5' title="bbox 303 4044 506 4055">
     <span class='ocr_line' id='line_1_36' title="bbox 303 4044 506 4055; baseline 0.005 -2"><span class='ocrx_word' id='word_1_327' title='bbox 303 4044 506 4055; x_wconf 57' lang='lat' dir='ltr'>u————.</span> 
     </span>
    </p>
   </div>
   <div class='ocr_carea' id='block_1_5' title="bbox 304 4129 1641 5106">
    <p class='ocr_par' dir='ltr' id='par_1_6' title="bbox 364 4129 844 4196">
     <span class='ocr_line' id='line_1_37' title="bbox 364 4129 844 4196; baseline 0 -14"><span class='ocrx_word' id='word_1_328' title='bbox 364 4129 387 4191; x_wconf 93' lang='lat'>¹)</span> <span class='ocrx_word' id='word_1_329' title='bbox 408 4131 520 4182; x_wconf 74' lang='lat' dir='ltr'>CVIII</span> <span class='ocrx_word' id='word_1_330' title='bbox 539 4131 620 4196; x_wconf 84' lang='lat' dir='ltr'>praef.</span> <span class='ocrx_word' id='word_1_331' title='bbox 640 4148 665 4196; x_wconf 92' lang='lat' dir='ltr'>p.</span> <span class='ocrx_word' id='word_1_332' title='bbox 680 4132 761 4183; x_wconf 88' lang='lat' dir='ltr'>XVII</span> <span class='ocrx_word' id='word_1_333' title='bbox 779 4149 804 4183; x_wconf 92' lang='lat' dir='ltr'>n.</span> <span class='ocrx_word' id='word_1_334' title='bbox 820 4137 844 4182; x_wconf 79' lang='lat'>2.</span> 
     </span>
    </p>

    <p class='ocr_par' dir='ltr' id='par_1_7' title="bbox 361 4219 1026 4291">
     <span class='ocr_line' id='line_1_38' title="bbox 361 4219 1026 4291; baseline 0.002 -20"><span class='ocrx_word' id='word_1_335' title='bbox 361 4219 386 4283; x_wconf 77' lang='lat'>²)</span> <span class='ocrx_word' id='word_1_336' title='bbox 405 4223 554 4273; x_wconf 81' lang='lat' dir='ltr'>Hirschfeld</span> <span class='ocrx_word' id='word_1_337' title='bbox 578 4220 892 4291; x_wconf 75' lang='lat' dir='ltr'>Versooltunpspeacfn&#39;clrtc</span> <span class='ocrx_word' id='word_1_338' title='bbox 912 4225 924 4273; x_wconf 92' lang='lat' dir='ltr'>l</span> <span class='ocrx_word' id='word_1_339' title='bbox 943 4239 968 4288; x_wconf 93' lang='lat' dir='ltr'>p.</span> <span class='ocrx_word' id='word_1_340' title='bbox 983 4223 1026 4272; x_wconf 85' lang='grc'>33.</span> 
     </span>
    </p>

    <p class='ocr_par' dir='ltr' id='par_1_8' title="bbox 362 4310 724 4380">
     <span class='ocr_line' id='line_1_39' title="bbox 362 4310 724 4380; baseline 0.008 -17"><span class='ocrx_word' id='word_1_341' title='bbox 362 4310 387 4374; x_wconf 83' lang='lat'>³)</span> <span class='ocrx_word' id='word_1_342' title='bbox 406 4315 553 4365; x_wconf 77' lang='lat' dir='ltr'>Hirschfeld</span> <span class='ocrx_word' id='word_1_343' title='bbox 572 4317 622 4366; x_wconf 90' lang='lat' dir='ltr'>l.c.</span> <span class='ocrx_word' id='word_1_344' title='bbox 642 4333 666 4380; x_wconf 92' lang='lat' dir='ltr'>p.</span> <span class='ocrx_word' id='word_1_345' title='bbox 681 4315 724 4367; x_wconf 87' lang='grc'>68.</span> 
     </span>
    </p>

    <p class='ocr_par' dir='ltr' id='par_1_9' title="bbox 307 4402 1636 4564">
     <span class='ocr_line' id='line_1_40' title="bbox 361 4402 1636 4472; baseline 0.002 -17"><span class='ocrx_word' id='word_1_346' title='bbox 361 4402 386 4465; x_wconf 82' lang='lat'>⁴)</span> <span class='ocrx_word' id='word_1_347' title='bbox 407 4405 436 4455; x_wconf 89' lang='lat' dir='ltr'>C.</span> <span class='ocrx_word' id='word_1_348' title='bbox 450 4406 472 4455; x_wconf 95' lang='lat' dir='ltr'>I.</span> <span class='ocrx_word' id='word_1_349' title='bbox 486 4407 516 4456; x_wconf 91' lang='lat' dir='ltr'>L.</span> <span class='ocrx_word' id='word_1_350' title='bbox 535 4407 578 4456; x_wconf 90' lang='lat'>111</span> <span class='ocrx_word' id='word_1_351' title='bbox 603 4424 629 4472; x_wconf 89' lang='lat' dir='ltr'>p.</span> <span class='ocrx_word' id='word_1_352' title='bbox 645 4407 723 4457; x_wconf 85' lang='lat'>1133.</span> <span class='ocrx_word' id='word_1_353' title='bbox 775 4408 827 4459; x_wconf 87' lang='lat' dir='ltr'>Sed</span> <span class='ocrx_word' id='word_1_354' title='bbox 852 4409 878 4457; x_wconf 90' lang='lat' dir='ltr'>in</span> <span class='ocrx_word' id='word_1_355' title='bbox 905 4407 1038 4458; x_wconf 80' lang='lat' dir='ltr'>Africanis</span> <span class='ocrx_word' id='word_1_356' title='bbox 1066 4408 1146 4457; x_wconf 86' lang='lat' dir='ltr'>titulis</span> <span class='ocrx_word' id='word_1_357' title='bbox 1175 4407 1309 4472; x_wconf 87' lang='lat' dir='ltr'>provincia</span> <span class='ocrx_word' id='word_1_358' title='bbox 1336 4405 1420 4457; x_wconf 89' lang='lat' dir='ltr'>adhuc</span> <span class='ocrx_word' id='word_1_359' title='bbox 1448 4412 1553 4471; x_wconf 87' lang='lat' dir='ltr'>reperta</span> <span class='ocrx_word' id='word_1_360' title='bbox 1580 4420 1636 4457; x_wconf 88' lang='lat' dir='ltr'>nou</span> 
     </span>
     <span class='ocr_line' id='line_1_41' title="bbox 307 4496 1334 4564; baseline 0.004 -20"><span class='ocrx_word' id='word_1_361' title='bbox 307 4503 344 4544; x_wconf 84' lang='lat' dir='ltr'>est</span> <span class='ocrx_word' id='word_1_362' title='bbox 363 4505 388 4545; x_wconf 88' lang='lat' dir='ltr'>et</span> <span class='ocrx_word' id='word_1_363' title='bbox 406 4496 468 4545; x_wconf 93' lang='lat' dir='ltr'>alibi</span> <span class='ocrx_word' id='word_1_364' title='bbox 488 4513 589 4562; x_wconf 87' lang='lat' dir='ltr'>quoqne</span> <span class='ocrx_word' id='word_1_365' title='bbox 608 4513 666 4547; x_wconf 91' lang='lat' dir='ltr'>raro</span> <span class='ocrx_word' id='word_1_366' title='bbox 685 4500 839 4561; x_wconf 87' lang='lat' dir='ltr'>enuntiatur,</span> <span class='ocrx_word' id='word_1_367' title='bbox 859 4505 947 4564; x_wconf 88' lang='lat' dir='ltr'>utpote</span> <span class='ocrx_word' id='word_1_368' title='bbox 967 4515 1042 4564; x_wconf 91' lang='lat' dir='ltr'>quam</span> <span class='ocrx_word' id='word_1_369' title='bbox 1063 4501 1133 4549; x_wconf 86' lang='lat' dir='ltr'>locus</span> <span class='ocrx_word' id='word_1_370' title='bbox 1153 4500 1214 4549; x_wconf 86' lang='lat' dir='ltr'>satis</span> <span class='ocrx_word' id='word_1_371' title='bbox 1233 4499 1334 4563; x_wconf 88' lang='lat' dir='ltr'>prodat.</span> 
     </span>
    </p>

    <p class='ocr_par' dir='ltr' id='par_1_10' title="bbox 304 4585 1639 4914">
     <span class='ocr_line' id='line_1_42' title="bbox 365 4585 1638 4654; baseline 0.002 -18"><span class='ocrx_word' id='word_1_372' title='bbox 365 4585 387 4647; x_wconf 77' lang='lat'>⁵)</span> <span class='ocrx_word' id='word_1_373' title='bbox 407 4588 474 4637; x_wconf 86' lang='lat' dir='ltr'>Eum</span> <span class='ocrx_word' id='word_1_374' title='bbox 501 4591 614 4654; x_wconf 86' lang='lat' dir='ltr'>repperit</span> <span class='ocrx_word' id='word_1_375' title='bbox 637 4590 657 4639; x_wconf 92' lang='lat'>1.</span> <span class='ocrx_word' id='word_1_376' title='bbox 682 4591 805 4641; x_wconf 89' lang='lat' dir='ltr'>Poinssot</span> <span class='ocrx_word' id='word_1_377' title='bbox 828 4592 854 4640; x_wconf 94' lang='lat' dir='ltr'>in</span> <span class='ocrx_word' id='word_1_378' title='bbox 877 4592 1011 4641; x_wconf 90' lang='lat' dir='ltr'>ruderibus</span> <span class='ocrx_word' id='word_1_379' title='bbox 1040 4591 1167 4641; x_wconf 90' lang='lat' dir='ltr'>Henschir</span> <span class='ocrx_word' id='word_1_380' title='bbox 1193 4590 1321 4641; x_wconf 85' lang='lat' dir='ltr'>Melrimes</span> <span class='ocrx_word' id='word_1_381' title='bbox 1340 4590 1384 4640; x_wconf 89' lang='lat'>111</span> <span class='ocrx_word' id='word_1_382' title='bbox 1408 4590 1467 4640; x_wconf 89' lang='lat' dir='ltr'>chil.</span> <span class='ocrx_word' id='word_1_383' title='bbox 1491 4589 1524 4639; x_wconf 85' lang='lat' dir='ltr'>ab</span> <span class='ocrx_word' id='word_1_384' title='bbox 1553 4589 1638 4639; x_wconf 81' lang='lat' dir='ltr'>Auita</span> 
     </span>
     <span class='ocr_line' id='line_1_43' title="bbox 304 4677 1639 4749; baseline 0.001 -20"><span class='ocrx_word' id='word_1_385' title='bbox 304 4678 389 4729; x_wconf 90' lang='lat' dir='ltr'>Bibba</span> <span class='ocrx_word' id='word_1_386' title='bbox 407 4679 475 4728; x_wconf 88' lang='lat' dir='ltr'>inter</span> <span class='ocrx_word' id='word_1_387' title='bbox 492 4681 627 4730; x_wconf 88' lang='lat' dir='ltr'>meridiem</span> <span class='ocrx_word' id='word_1_388' title='bbox 647 4688 672 4730; x_wconf 91' lang='lat' dir='ltr'>ct</span> <span class='ocrx_word' id='word_1_389' title='bbox 691 4683 848 4732; x_wconf 88' lang='lat' dir='ltr'>occidentem</span> <span class='ocrx_word' id='word_1_390' title='bbox 869 4683 1000 4749; x_wconf 84' lang='lat' dir='ltr'>ediditque</span> <span class='ocrx_word' id='word_1_391' title='bbox 1024 4684 1049 4732; x_wconf 93' lang='lat' dir='ltr'>in</span> <span class='ocrx_word' id='word_1_392' title='bbox 1071 4682 1128 4748; x_wconf 92' lang='lat' dir='ltr'>eph.</span> <span class='ocrx_word' id='word_1_393' title='bbox 1149 4682 1275 4733; x_wconf 82' lang='lat' dir='ltr'>Cranensi</span> <span class='ocrx_word' id='word_1_394' title='bbox 1295 4679 1407 4732; x_wconf 81' lang='lat' dir='ltr'>Butfcts&#39;n</span> <span class='ocrx_word' id='word_1_395' title='bbox 1430 4679 1475 4731; x_wconf 82' lang='lat' dir='ltr'>dea</span> <span class='ocrx_word' id='word_1_396' title='bbox 1499 4677 1639 4746; x_wconf 60' lang='lat' dir='ltr'>antiquitis</span> 
     </span>
     <span class='ocr_line' id='line_1_44' title="bbox 306 4769 1639 4840; baseline 0.004 -22"><span class='ocrx_word' id='word_1_397' title='bbox 306 4769 445 4834; x_wconf 71' lang='lat' dir='ltr'>asrr‘cainea</span> <span class='ocrx_word' id='word_1_398' title='bbox 463 4773 539 4822; x_wconf 79' lang='lat' dir='ltr'>rotl</span> <span class='ocrx_word' id='word_1_399' title='bbox 568 4772 662 4833; x_wconf 86' lang='lat'>(1883)</span> <span class='ocrx_word' id='word_1_400' title='bbox 691 4789 715 4837; x_wconf 90' lang='lat' dir='ltr'>p.</span> <span class='ocrx_word' id='word_1_401' title='bbox 731 4774 796 4837; x_wconf 76' lang='lat'><strong>3133</strong></span> <span class='ocrx_word' id='word_1_402' title='bbox 827 4790 925 4825; x_wconf 86' lang='lat' dir='ltr'>nrecnm</span> <span class='ocrx_word' id='word_1_403' title='bbox 953 4776 1185 4825; x_wconf 85' lang='lat' dir='ltr'>communicaverat</span> <span class='ocrx_word' id='word_1_404' title='bbox 1208 4780 1268 4824; x_wconf 86' lang='lat' dir='ltr'>ante</span> <span class='ocrx_word' id='word_1_405' title='bbox 1290 4788 1366 4839; x_wconf 87' lang='lat' dir='ltr'>quam</span> <span class='ocrx_word' id='word_1_406' title='bbox 1386 4773 1503 4840; x_wconf 88' lang='lat' dir='ltr'>prodiret</span> <span class='ocrx_word' id='word_1_407' title='bbox 1525 4770 1639 4823; x_wconf 79' lang='lat' dir='ltr'>Carolus</span> 
     </span>
     <span class='ocr_line' id='line_1_45' title="bbox 305 4863 400 4914; baseline -0.011 0"><span class='ocrx_word' id='word_1_408' title='bbox 305 4863 400 4914; x_wconf 83' lang='lat' dir='ltr'>Tissot.</span> 
     </span>
    </p>

    <p class='ocr_par' dir='ltr' id='par_1_11' title="bbox 306 4952 1641 5106">
     <span class='ocr_line' id='line_1_46' title="bbox 365 4952 1641 5023; baseline 0.003 -20"><span class='ocrx_word' id='word_1_409' title='bbox 365 4952 389 5016; x_wconf 65' lang='grc'>8)</span> <span class='ocrx_word' id='word_1_410' title='bbox 413 4952 540 5004; x_wconf 85' lang='lat' dir='ltr'>Telonfum</span> <span class='ocrx_word' id='word_1_411' title='bbox 571 4952 696 5016; x_wconf 83' lang='lat' dir='ltr'>Cirtense,</span> <span class='ocrx_word' id='word_1_412' title='bbox 725 4958 793 5021; x_wconf 88' lang='lat' dir='ltr'>qnod</span> <span class='ocrx_word' id='word_1_413' title='bbox 821 4958 956 5010; x_wconf 84' lang='lat' dir='ltr'>Renierius</span> <span class='ocrx_word' id='word_1_414' title='bbox 980 4977 1012 5010; x_wconf 84' lang='lat' dir='ltr'>ex</span> <span class='ocrx_word' id='word_1_415' title='bbox 1038 4961 1113 5010; x_wconf 91' lang='lat' dir='ltr'>titulo</span> <span class='ocrx_word' id='word_1_416' title='bbox 1137 4966 1257 5023; x_wconf 83' lang='lat' dir='ltr'>corrupto</span> <span class='ocrx_word' id='word_1_417' title='bbox 1287 4957 1316 5008; x_wconf 87' lang='lat' dir='ltr'>C.</span> <span class='ocrx_word' id='word_1_418' title='bbox 1330 4957 1410 5020; x_wconf 88' lang='lat' dir='ltr'>vm,</span> <span class='ocrx_word' id='word_1_419' title='bbox 1436 4955 1509 5008; x_wconf 79' lang='lat'>6956</span> <span class='ocrx_word' id='word_1_420' title='bbox 1533 4954 1641 5007; x_wconf 60' lang='lat' dir='ltr'>meere</span> 
     </span>
     <span class='ocr_line' id='line_1_47' title="bbox 306 5047 743 5106; baseline 0.005 -10"><span class='ocrx_word' id='word_1_421' title='bbox 306 5047 394 5106; x_wconf 82' lang='lat' dir='ltr'>voluit,</span> <span class='ocrx_word' id='word_1_422' title='bbox 416 5047 475 5096; x_wconf 88' lang='lat' dir='ltr'>inde</span> <span class='ocrx_word' id='word_1_423' title='bbox 495 5048 601 5098; x_wconf 86' lang='lat' dir='ltr'>minime</span> <span class='ocrx_word' id='word_1_424' title='bbox 620 5048 743 5098; x_wconf 80' lang='lat' dir='ltr'>firmatur.</span> 
     </span>
    </p>
   </div>
   <div class='ocr_carea' id='block_1_6' title="bbox 364 5122 1208 5210">
    <p class='ocr_par' dir='ltr' id='par_1_12' title="bbox 364 5122 1208 5210">
     <span class='ocr_line' id='line_1_48' title="bbox 364 5122 1208 5210; baseline 0.008 -24"><span class='ocrx_word' id='word_1_425' title='bbox 364 5134 387 5198; x_wconf 68' lang='grc'>7)</span> <span class='ocrx_word' id='word_1_426' title='bbox 407 5138 551 5190; x_wconf 87' lang='lat' dir='ltr'>Lnnrhroso</span> <span class='ocrx_word' id='word_1_427' title='bbox 572 5137 694 5190; x_wconf 82' lang='lat' dir='ltr'>e&#39;eonomr&#39;c</span> <span class='ocrx_word' id='word_1_428' title='bbox 710 5140 832 5209; x_wconf 80' lang='lat' dir='ltr'>potitique</span> <span class='ocrx_word' id='word_1_429' title='bbox 851 5141 881 5193; x_wconf 86' lang='lat' dir='ltr'>de</span> <span class='ocrx_word' id='word_1_430' title='bbox 902 5122 1025 5210; x_wconf 66' lang='lat' dir='ltr'>l&#39;ll&#39;pypte</span> <span class='ocrx_word' id='word_1_431' title='bbox 1044 5160 1069 5209; x_wconf 92' lang='lat' dir='ltr'>p.</span> <span class='ocrx_word' id='word_1_432' title='bbox 1083 5144 1136 5194; x_wconf 81' lang='lat'>330</span> <span class='ocrx_word' id='word_1_433' title='bbox 1155 5157 1208 5208; x_wconf 85' lang='lat' dir='ltr'>seq.</span> 
     </span>
    </p>
   </div>
   <div class='ocr_carea' id='block_1_7' title="bbox 0 0 1745 5828">
    <p class='ocr_par' dir='ltr' id='par_1_13' title="bbox 0 0 1745 5828">
     <span class='ocr_line' id='line_1_49' title="bbox 0 0 1745 5828; baseline 0 0"><span class='ocrx_word' id='word_1_434' title='bbox 0 0 1745 5828; x_wconf 95' lang='lat' dir='ltr'> </span> 
     </span>
    </p>
   </div>
  </div>
 </body>
</html>
