3450 5828
288 468 361 539 120
862 480 1044 533 nouusan

287 661 355 738 quis
378 661 408 719 iu
429 659 502 717 urbe
524 657 694 727 collocavit,
716 655 767 714 sed
788 655 820 713 in
836 652 940 731 Gallia
961 664 990 713 et
1004 653 1117 725 Africa,
1138 653 1182 711 ita
1203 654 1340 724 fortasse,
1363 663 1397 710 ut
1418 653 1549 730 primam
1564 653 1631 714 Lu·

286 762 438 841 gudunum
460 760 601 831 mitteret,
623 757 740 817 tertiam
763 756 906 815 decimam
922 754 1149 832 Carthaginem
1171 764 1251 814 certe
1273 772 1309 814 eo
1331 754 1443 814 ducunt
1463 756 1545 815 tituli
1563 756 1628 816 duo

288 863 399 924 saeculi
425 862 512 938 primi
539 860 677 920 exeuntis
707 857 895 918 Genarensis
922 875 1014 936 supra
1039 877 1068 915 n.
1091 859 1108 917 3
1136 857 1268 916 cohortis
1293 855 1408 932 primae
1439 867 1469 916 et
1496 852 1629 919 Cartha·

287 965 430 1042 giniensis
452 964 583 1022 cohortis
606 962 712 1020 tertiae
735 961 875 1019 decimae.
913 960 978 1020 Eae
1000 960 1108 1020 deiude
1130 958 1231 1018 sedem
1253 959 1297 1018 ita
1317 958 1455 1019 ridentur
1476 967 1628 1037 mutasse,

288 1076 321 1126 ut
347 1065 478 1127 secundo
508 1066 654 1140 tertioque
682 1063 802 1122 saeculo
830 1064 927 1140 prima
955 1063 987 1120 in
1010 1062 1114 1120 Africa
1140 1061 1363 1138 praetenderet,
1393 1061 1481 1121 tertia
1506 1062 1629 1123 decima

289 1168 463 1247 Luguduni3
490 1166 520 1225 id
543 1167 622 1225 enim
649 1166 785 1242 flagitant
812 1165 968 1241 utriusque
994 1163 1166 1241 provinciae
1193 1163 1272 1222 tituli
1299 1164 1407 1223 aetatis
1431 1166 1626 1242 posterioris.

290 1305 328 1314 -
352 1269 515 1346 Prospexit
536 1279 635 1326 autem
651 1266 860 1344 Vespasianus
882 1267 939 1324 hac
961 1265 1085 1325 militiae
1100 1265 1262 1324 Africanae
1284 1265 1471 1327 ordinatione
1490 1267 1627 1349 fortasse

290 1390 348 1431 non
372 1380 431 1429 tam
455 1371 519 1429 urbi
543 1386 668 1444 magnae
691 1368 813 1426 Africae
835 1369 924 1445 capiti
947 1368 1046 1444 ibique
1070 1367 1189 1445 degenti
1215 1366 1389 1443 proconsuli
1414 1388 1505 1445 quam
1532 1370 1625 1429 recti·

289 1474 408 1551 galibus
438 1471 590 1531 Africanis
623 1471 925 1546 procuratoribusque
959 1469 1032 1529 suis.
1088 1467 1208 1529 Scilicet
1239 1469 1410 1544 proconsuli
1442 1480 1546 1531 notum
1579 1483 1626 1531 est

290 1583 395 1652 postea
416 1592 534 1650 quoque
561 1582 675 1648 partem
703 1571 835 1647 aliquam
863 1571 991 1648 legionis
1014 1570 1174 1629 Africanae
1200 1577 1321 1646 praesto
1348 1570 1499 1648 tuisse¹)‚
1527 1591 1626 1650 neque

291 1675 452 1735 vensimile
479 1674 635 1752 imperium
665 1673 728 1731 eius
757 1672 787 1732 in
816 1673 926 1732 milites
956 1691 992 1731 ea
1024 1679 1121 1731 aetate
1154 1679 1274 1730 auctum
1306 1689 1383 1731 esse.
1442 1671 1503 1733 Sed
1534 1675 1627 1733 etiam

292 1777 453 1855 vectigalia
475 1775 620 1834 AfrIcana
640 1793 701 1832 non
724 1775 788 1833 sine
809 1775 936 1833 militum
959 1774 1108 1832 adiutorio
1130 1774 1340 1833 administrata
1365 1791 1433 1834 esse
1461 1784 1491 1833 et
1517 1787 1626 1853 sponte

291 1878 474 1954 intellegitur
499 1887 529 1936 et
554 1877 767 1935 confirmarunt
792 1877 851 1934 duo
878 1885 1071 1934 monumenta
1096 1895 1190 1952 nuper
1216 1883 1349 1951 reperta,
1383 1876 1487 1936 titulus
1514 1879 1553 1937 ad
1579 1876 1625 1939 Si·

293 1980 400 2038 mitthu
427 1979 557 2038 effossus
588 1978 695 2036 aetatis
724 1977 904 2036 Tiberianae
933 1977 1038 2036 militis
1065 1977 1194 2054 legionis
1220 1977 1397 2051 Africanae,
1422 1978 1474 2053 qui
1499 1997 1567 2037 cum
1596 1985 1625 2039 in

289 2083 438 2158 praesidio
466 2092 536 2139 esset
561 2083 591 2137 ia
618 2081 695 2138 saltu
720 2081 947 2150 Philomusiaao,
980 2079 1016 2136 ab
1045 2080 1122 2137 hosts
1148 2083 1179 2136 in
1199 2098 1303 2155 pugna
1329 2082 1437 2138 occisus
1468 2079 1563 2157 ια’),
1596 2091 1627 2140 et

293 2182 423 2258 epistula
444 2200 535 2258 supra
557 2183 647 2239 citata
670 2182 840 2240 colonorum
858 2181 1110 2240 Burunitanorum
1129 2182 1209 2256 apud
1224 2178 1422 2240 Commodum
1436 2184 1628 2258 querentium

293 2284 330 2344 de
351 2293 559 2361 procuratore,
592 2283 672 2359 quod
694 2301 746 2341 eos
774 2293 914 2341 vexasset
939 2286 1033 2340 nrisais
1059 2281 1195 2339 militibus
1221 2287 1253 2340 ia
1278 2281 1382 2341 salona
1401 2283 1628 2345 Bur-naitanum.

295 2385 353 2459 Qui
376 2385 485 2444 milites
508 2385 628 2462 quinam
651 2395 761 2458 essent,
784 2384 881 2442 adhuc
902 2385 1128 2462 ignorabamus,
1152 2403 1220 2442 nam
1243 2383 1426 2462 legionarios
1448 2385 1515 2445 siue
1532 2385 1627 2445 dubio

294 2506 418 2545 numero
441 2505 553 2562 paucos
576 2487 613 2542 ad
635 2485 765 2545 officinm
787 2486 977 2563 proconsulis
998 2487 1108 2544 missos
1130 2489 1174 2544 eis
1197 2485 1323 2562 negotiis
1347 2484 1502 2547 suffecisse
1516 2489 1629 2564 proba·

295 2590 440 2647 bilitatem
463 2589 576 2647 nullam
599 2589 735 2647 habebat.
785 2587 849 2645 Iam
871 2566 944 2645 vero
964 2596 1125 2663 postquam
1150 2586 1325 2645 rescivimus
1352 2588 1504 2647 cohortem
1528 2589 1630 2649 milia·

295 2691 369 2747 riam
393 2688 575 2768 Carthagine
598 2690 697 2748 sedem
720 2689 874 2760 habuisse,
901 2689 1068 2764 quaestioni
1091 2689 1134 2745 illi
1157 2689 1300 2747 habemus
1322 2690 1548 2766 responsionem
1572 2711 1631 2769 pa·

296 2802 407 2863 ratam,
440 2809 534 2866 eoque
566 2791 661 2868 magis
695 2800 845 2867 paratam,
878 2791 959 2866 quod
991 2790 1104 2848 reditus
1137 2789 1269 2848 Africani
1307 2790 1471 2868 imperante
1503 2791 1632 2853 Nerone

295 2911 477 2971 magnopere
503 2901 658 2950 creverant
684 2900 714 2951 et
739 2892 930 2969 vectigalium
958 2910 1057 2950 curam
1088 2890 1187 2950 nullus
1214 2892 1426 2968 imperatorum
1453 2893 1632 2972 diligentius

296 2996 357 3072 egit
378 3014 467 3072 quam
490 2993 706 3070 Vespasianus.
754 2995 916 3052 Praeterea
937 3011 1002 3052 cum
1025 3014 1064 3051 ex
1090 2993 1184 3052 titulis
1211 2994 1334 3052 militum
1364 2996 1631 3056 urbanicianorum

296 3097 327 3153 in
350 3097 455 3154 Africa
482 3096 608 3171 repertis
635 3096 686 3152 alii
709 3093 889 3171 Carthagine
916 3095 1094 3171 prodierint,
1121 3094 1172 3152 alii
1200 3095 1291 3153 Musti
1320 3106 1350 3154 et
1372 3093 1474 3156 Siccae
1499 3098 1530 3156 iu
1558 3117 1631 3174 pro·

297 3198 396 3256 vincia
416 3198 623 3271 proconsulari
647 3208 675 3255 et
698 3195 790 3258 Satafi
812 3197 842 3254 in
864 3197 1067 3266 Mauretania,
1100 3196 1192 3254 hosce
1217 3196 1329 3255 milites
1355 3198 1387 3256 in
1413 3205 1555 3275 promptu
1583 3208 1634 3260 est

297 3299 407 3356 missos
430 3280 505 3356 esse
520 3316 555 3355 eo
573 3298 611 3356 ad
627 3299 792 3357 custodiam
807 3296 935 3356 saltuum
952 3295 1101 3356 Caesaris.
1139 3298 1278 3374 Denique
1293 3300 1374 3374 quod
1391 3317 1483 3377 supra
1498 3301 1631 3361 vidimus

297 3401 328 3458 iu
349 3408 538 3457 monumento
556 3398 793 3478 Carthaginiensi
816 3399 914 3458 nullos
935 3400 1071 3458 homines
1093 3400 1143 3474 qui
1167 3400 1284 3476 quidem
1305 3401 1407 3460 oslicia
1428 3402 1559 3461 habeant
1581 3420 1631 3463 se·

298 3502 397 3576 pultos
412 3519 479 3558 csse
494 3501 553 3558 nisi
569 3501 669 3577 aliqua
684 3503 798 3560 ratione
812 3503 867 3559 sub
882 3511 1074 3577 procuratore
1086 3501 1274 3574 constitutos,
1286 3502 1345 3560 iam
1361 3512 1486 3581 apparet
1500 3503 1632 3563 fortasse

297 3601 386 3660 etiam
410 3601 447 3657 ad
470 3601 664 3677 legionarium
687 3604 820 3672 militem,
842 3612 921 3661 certe
943 3602 980 3660 ad
1002 3603 1125 3661 militem
1148 3603 1278 3662 cohortis
1294 3603 1308 3660 l
1326 3604 1456 3663 urbanae
1470 3606 1632 3682 pervenire

297 3705 375 3761 inter
395 3702 526 3778 reliquos
548 3705 655 3765 ibidem
678 3706 837 3783 sepultum.

297 3866 501 3875 ...1---.————

358 3965 380 4027 ¹)
401 3966 547 4016 Hadrianus
559 3967 585 4015 in
599 3966 762 4017 adlocutione
776 3966 809 4016 ad
823 3968 950 4032 legionem
965 3967 1114 4019 Africanam
1135 3968 1175 4029 (C.
1191 3968 1266 4030 VIII,
1283 3967 1364 4030 2532)
1383 3968 1450 4019 inter
1461 3969 1631 4023 difficultates

299 4058 407 4107 militiae
425 4058 475 4107 hoc
494 4074 595 4123 quoque
614 4060 699 4123 ponit,
720 4058 788 4124 quod
805 4057 916 4109 otnnibus
935 4060 1009 4109 uariis
1026 4074 1072 4126 per
1091 4061 1158 4110 eires
1177 4061 1203 4110 in
1222 4060 1331 4126 officium
1347 4058 1534 4127 pr[ocoa]aulis
1552 4063 1631 4112 aiut-

299 4156 347 4198 tnr.
387 4148 427 4198 cf.
448 4146 606 4199 Stuutsrecbt
624 4151 639 4199 2
659 4167 684 4214 p.
699 4151 761 4200 252.

357 4238 381 4300 ²)
401 4240 468 4289 Eum
490 4242 617 4291 edidimus
643 4241 752 4292 Carolus
776 4243 863 4292 Tissot
888 4244 956 4306 apud
980 4243 1130 4292 Florianum
1149 4243 1281 4293 Vallentin
1311 4241 1423 4294 Battum
1445 4240 1631 4313 &pigruplu'qus

299 4331 330 4380 ‹lc
350 4331 376 4380 la
397 4329 688 4393 Goulcrol.1(1881)
713 4350 737 4398 p.
752 4335 786 4383 99
808 4342 833 4382 et
851 4340 982 4397 acceptum
1006 4334 1038 4383 ab
1059 4333 1149 4384 eodem
1169 4335 1282 4385 Tissotio
1302 4350 1350 4399 ego
1368 4336 1396 4385 in
1415 4335 1464 4386 hac
1482 4335 1632 4404 Ephem4

272 4478 275 4484 ,
299 4440 324 4487 p.
337 4424 388 4473 537
409 4423 510 4474 adiecta
529 4425 746 4490 interpretatione.
