3450 5828
198 492 271 563 164
764 509 948 563 uouusnu

193 684 265 741 baut
279 684 346 760 piae
361 683 458 742 fldelis
474 683 644 761 similiaque
660 685 820 762 agnomina
835 683 873 741 ab
887 683 976 741 huius
992 683 1108 742 elenchi
1123 683 1248 743 consilio
1263 683 1370 742 aliena.
1391 719 1429 728 -
1452 683 1529 741 Alas

193 786 391 862 cohortesque
415 804 455 845 ex
476 785 579 843 eodem
602 786 713 864 populo
736 785 830 844 lectas
852 785 1036 861 eundemque
1063 803 1234 856 numerum,
1264 784 1440 862 praesertim
1468 785 1532 860 pri·

193 906 272 945 mum
295 887 438 947 habentes
461 887 563 964 plures
585 887 699 962 passim
722 888 751 944 in
776 887 958 945 exercitibus
981 886 1104 964 reperiri
1131 906 1190 945 non
1217 887 1315 945 minus
1341 894 1456 945 certum
1483 896 1532 944 cst

194 1007 284 1065 quam
308 989 448 1067 ambigua
475 1007 564 1065 saepe
592 988 674 1047 iusta
699 1008 799 1046 earum
827 987 996 1058 distincti03
1029 997 1061 1047 ot
1082 988 1257 1065 Alpinorum
1284 989 1366 1047 duae
1387 987 1531 1046 cohortes

192 1092 305 1166 primae
328 1090 461 1166 equitata
484 1090 593 1162 altera,
620 1090 713 1148 altera
735 1089 869 1164 peditatu
894 1090 925 1148 in
946 1089 1013 1166 lege
1038 1089 1160 1165 publica
1185 1091 1255 1149 anni
1277 1107 1307 1165 p.
1323 1087 1358 1148 Ο.
1374 1089 1413 1148 80
1441 1090 1533 1148 iuxta

192 1193 309 1268 positae
339 1192 529 1250 inveniuntur
550 1191 725 1268 cognomino
748 1191 830 1249 nullo
853 1191 955 1250 addito
978 1191 1173 1267 similiterque
1195 1190 1268 1251 alibi
1289 1192 1430 1250 cohortes
1452 1191 1532 1250 dunc

191 1295 306 1369 primae
329 1294 479 1352 Thracum
507 1293 589 1369 (vide
616 1294 653 1351 ad
676 1290 887 1367 0.111‚109).
937 1292 1093 1352 Eiusmodi
1121 1293 1313 1352 difficultates
1339 1292 1390 1350 nbi
1420 1291 1533 1351 adsunt

194 1396 239 1454 vel
261 1404 390 1472 possunt
412 1395 532 1466 adesse,
561 1413 626 1452 cum
655 1394 793 1452 adhunc
818 1401 951 1453 nostram
980 1394 1218 1471 disquisitionem
1244 1412 1296 1453 cae
1318 1412 1377 1453 nou
1404 1412 1531 1470 magno·

192 1516 262 1573 pere
285 1498 453 1574 pertineant
474 1515 570 1572 neque
592 1497 622 1554 in
645 1495 772 1554 transitu
795 1506 906 1571 queant
927 1496 1087 1568 elucidari,
1116 1497 1146 1554 in
1173 1495 1230 1554 hoc
1256 1495 1353 1554 indice
1375 1496 1452 1554 satis
1474 1495 1531 1553 ha·

192 1600 310 1657 buimus
332 1600 420 1656 iuxta
441 1617 552 1675 ponere
574 1616 651 1673 quac
667 1597 846 1673 accepimus,
870 1598 994 1656 eandem
1010 1615 1078 1657 esse
1093 1598 1172 1655 alam
1189 1597 1235 1656 rsl
1251 1597 1404 1657 cohortem
1420 1596 1531 1657 similis

191 1700 320 1760 nominis
342 1719 439 1776 neque
461 1699 644 1760 affirmantes
666 1718 762 1775 neque
789 1707 941 1777 negantes.
989 1699 1038 1757 Ita
1058 1718 1097 1759 ex
1123 1699 1181 1758 hoc
1207 1698 1304 1757 indice
1330 1707 1532 1775 cognoscetur

195 1801 352 1862 Gallorum
375 1801 503 1877 exempli
525 1819 617 1860 causa
638 1803 775 1859 cohortes
797 1800 835 1859 ad
858 1820 946 1877 qnam
968 1819 1123 1860 numerum
1145 1800 1328 1861 adscendunt
1352 1809 1382 1859 et
1403 1799 1529 1876 quinam

192 1904 272 1962 inter
293 1922 447 1962 numerum
472 1903 598 1978 primum
621 1913 651 1961 et
674 1921 821 1961 summum
844 1911 896 1961 aut
917 1902 1065 1961 defuerint
1086 1913 1139 1961 ant
1160 1901 1249 1961 hodia
1264 1901 1451 1979 ignorantum
1475 1920 1529 1958 uo·

193 2011 290 2063 torum
319 2025 507 2065 numerorum
534 2005 649 2082 aliquot
675 2024 744 2063 num
773 2004 916 2080 duplicati
943 2005 989 2062 vel
1015 2003 1090 2063 adeo
1117 2003 1259 2082 triplicati
1285 2003 1456 2075 extiterint,
1489 2024 1529 2062 ex

192 2107 291 2166 indice
312 2108 451 2183 cognosci
474 2115 556 2166 certo
579 2125 638 2165 non
664 2113 772 2185 potest.
802 2139 839 2148 —
868 2106 943 2164 Alae
966 2113 995 2162 et
1017 2106 1156 2165 cohortes
1178 2125 1255 2182 quae
1276 2105 1395 2165 ethnico
1422 2123 1529 2164 caruc-

192 2217 262 2266 runt
283 2216 334 2266 aut
356 2218 434 2267 certe
457 2208 645 2286 appellantur
667 2228 701 2266 eo
724 2208 837 2267 omisso
861 2227 956 2284 neque
978 2216 1059 2266 certa
1080 2209 1195 2266 ratione
1218 2205 1397 2283 supplendo,
1423 2226 1528 2284 quam·

194 2327 283 2386 quam
308 2311 345 2368 ad
367 2311 422 2369 hos
445 2310 605 2369 laterculos
628 2311 713 2385 ipsae
736 2328 793 2367 nou
810 2310 994 2386 perveniunt,
1016 2309 1211 2368 nibilominus
1227 2308 1262 2366 de
1277 2309 1314 2367 iis
1329 2326 1407 2385 quae
1422 2317 1530 2386 parata

193 2411 341 2470 habebam
362 2412 535 2488 appendicis
550 2412 616 2470 loco
632 2416 797 2487 composui,
821 2411 878 2471 alis
895 2411 1051 2471 recensitis
1068 2411 1098 2469 in
1113 2409 1258 2470 laterculo
1274 2408 1330 2481 VI,
1351 2408 1527 2469 cohortibus

193 2513 225 2571 in
241 2513 383 2571 laterculo
395 2512 465 2583 Vll,
484 2513 552 2570 ideo
567 2514 742 2589 praesertim
758 2513 837 2588 quod
854 2522 976 2590 propter
992 2511 1207 2571 breviationem
1224 2511 1311 2571 modo
1326 2511 1527 2590 significatam

194 2614 268 2674 haec
289 2632 406 2691 quoque
429 2615 617 2692 aliquatenus
638 2633 705 2673 cum
726 2619 840 2673 nostris
862 2615 1022 2673 coniuncta
1042 2622 1120 2673 sunt.

237 2717 274 2774 B.
319 2717 492 2775 Auxiliares
522 2715 733 2792 provinciales,
767 2717 818 2792 qni
845 2715 989 2793 originem
1018 2715 1201 2792 adscriptam
1230 2715 1355 2785 habeut,
1388 2732 1529 2776 seorsum

194 2819 361 2895 composui,
376 2818 493 2895 equites
508 2818 676 2896 singulares
690 2818 721 2874 in
737 2818 883 2876 laterculo
899 2817 958 2889 111,
979 2817 1091 2876 alarios
1106 2817 1136 2875 in
1151 2816 1295 2876 laterculo
1307 2814 1353 2876 IV
1364 2818 1530 2877 secundnm

194 2921 273 2992 alas,
302 2919 469 2979 cohortales
495 2921 526 2978 in
548 2920 692 2977 laterculo
716 2919 744 2977 V
766 2920 928 2979 secundum
950 2919 1103 2990 cohortes3
1132 2919 1172 2977 ad
1192 2935 1269 2995 quos
1290 2917 1454 2978 laterculos
1484 2938 1530 2977 re-

193 3021 338 3081 missione
363 3022 443 3081 facta
469 3023 500 3080 in
526 3021 668 3080 laterculo
695 3021 838 3099 primario
865 3020 923 3097 (A)
955 3021 1146 3080 inveniuntur
1178 3019 1329 3080 distributi
1361 3019 1531 3079 secundum

193 3124 316 3201 patrias.

237 3228 264 3283 4.
304 3223 472 3296 Classiarii‚
494 3225 544 3300 qui
567 3230 715 3299 quatenus
738 3225 823 3301 origo
845 3242 948 3283 eorum
971 3224 1099 3283 traditur
1119 3241 1222 3282 ornnes
1244 3222 1305 3282 lere
1327 3223 1532 3300 provinciales

194 3328 316 3387 fuerunt
338 3326 450 3402 (Italici
472 3325 558 3403 pauci
581 3325 738 3401 compositi
763 3334 831 3384 suut
853 3323 887 3384 Ο.
906 3326 935 3383 X
958 3344 986 3402 p.
1006 3324 1115 3402 1128),
1142 3325 1248 3403 digesti
1271 3332 1341 3383 snut
1361 3325 1532 3385 secundum

194 3429 308 3508 patrias
334 3429 389 3500 itu,
417 3436 449 3485 ut
475 3436 622 3503 quatenus
646 3427 767 3485 veniunt
792 3447 829 3485 ex
855 3427 989 3503 corporis
1013 3427 1163 3487 volumine
1184 3427 1230 3498 X,
1257 3427 1342 3485 solus
1363 3427 1533 3487 voluminis

194 3548 337 3589 numerus
359 3539 494 3606 ponatur,
517 3548 584 3587 cum
606 3529 741 3587 nationes
764 3528 983 3588 classiariorum
1006 3529 1047 3588 ibi
1069 3530 1100 3587 in
1120 3529 1217 3588 indice
1235 3527 1381 3604 peculiari
1402 3549 1433 3607 p.
1450 3527 1558 3589 112&

195 3641 413 3690 recenseantur.
456 3630 602 3707 Reliquos
629 3629 730 3688 titulos
756 3629 926 3687 classiarios
953 3630 1109 3689 citavimus
1132 3630 1247 3688 adiecto
1269 3647 1411 3703 numero,
1440 3631 1574 3690 etian-

194 3735 246 3810 qui
268 3731 560 3810 comprehenduntur
574 3732 603 3788 in
619 3731 754 3809 corporis
771 3731 920 3789 volumine
936 3731 984 3789 XI
1004 3733 1136 3791 nondum
1152 3732 1246 3803 edit03
1268 3748 1337 3789 nam
1352 3730 1575 3791 classiarios

195 3835 404 3912 inscriptiones
419 3835 610 3893 Ravennates
633 3852 671 3892 cx
692 3832 852 3891 voluminis
874 3833 938 3890 eius
957 3832 1085 3910 plagulis
1102 3853 1121 3890 a
1136 3830 1307 3892 Bormanuo
1323 3833 1428 3891 missis
1445 3852 1519 3910 repe
1536 3863 1574 3876 -

195 3937 262 3995 tivit
288 3936 479 3995 Hermannus
507 3935 633 3993 Ferrero
659 3935 691 3992 in
717 3934 793 3991 libro
821 3933 1033 3992 l'crdiuumeuto
1065 3935 1138 3994 delle
1164 3943 1272 3993 cuncte
1298 3951 1417 3993 romana
1450 3934 1561 3993 edito

195 4037 338 4096 Taurinis
360 4058 387 4096 a.
406 4036 499 4108 1878,
526 4045 724 4112 poteruntque
750 4035 845 4093 donec
872 4036 970 4111 ipsum
998 4036 1136 4094 volumen
1163 4034 1274 4112 publici
1296 4035 1373 4094 iuris
1399 4035 1452 4095 fiet
1478 4037 1550 4117 qur·

195 4140 241 4198 his
263 4140 305 4198 uti
328 4140 450 4216 cupiunt
471 4139 677 4199 Ferrarianam
700 4136 940 4213 compilationem
964 4137 1114 4197 adhibere.

565 4394 589 4453 Ι.
634 4392 809 4454 MILITES
837 4391 1159 4453 PROVINCIALES.

196 4495 221 4555 l.
267 4495 396 4557 Srcrmu.

349 4598 463 4656 Milites
486 4597 570 4655 nulli.

195 4754 237 4813 ΙΙ.
282 4751 445 4811 Surorum.

353 4858 378 4913 1.
401 4863 494 4932 praet.
517 4888 555 4897 -

351 4956 378 5015 2.
402 4958 475 5031 leg:

425 5059 556 5117 Caralis:
579 5056 627 5114 111
651 5058 728 5130 Aug.

350 5162 377 5218 3.
402 5160 529 5218 arrxilia:
