3450 5828
206 488 276 561 146
782 507 964 561 Mommsen

204 679 258 738 sed
284 679 439 756 proximus
460 681 502 753 ei,
530 685 563 737 ut
589 681 710 738 atritis
738 680 854 757 insigne
878 682 996 756 utrique
1018 698 1174 739 commune
1195 679 1236 737 sit
1261 685 1292 737 et
1312 678 1388 739 adae
1411 678 1538 737 abusive

202 781 269 856 ipse
296 782 430 841 centurio
459 778 674 858 appelletur1).
710 813 747 825 -
783 780 938 858 Stipendia
964 799 1084 858 quoqne
1106 780 1154 839 vel
1181 779 1281 855 potins
1306 778 1420 839 salaria
1450 779 1537 853 (nam

203 883 420 957 stipendiorum
441 883 617 941 vocabulum
640 884 755 941 evocati
778 883 903 960 evitant)
926 883 963 941 ad
987 881 1188 941 centurionica
1209 881 1346 956 proxima
1368 881 1538 939 accessisse

201 982 328 1041 dubitari
350 1004 410 1043 non
432 994 540 1059 potest.
567 1017 605 1026 -
633 983 693 1041 Pro
715 985 847 1062 praemio
869 983 991 1042 militari
1012 995 1136 1042 evocato
1162 984 1249 1042 datur
1273 999 1388 1041 corona
1402 980 1536 1057 anrea¹)

204 1086 316 1161 pariter
330 1096 420 1162 atque
440 1086 621 1156 centurioni3
644 1086 794 1162 torquium
817 1086 1003 1144 armillarum
1025 1085 1226 1162 phalerarum,
1249 1084 1314 1142 sine
1337 1083 1447 1160 quibus
1469 1101 1539 1142 cen·

202 1188 313 1244 turioni
336 1205 446 1244 corona
460 1186 525 1244 dari
546 1206 605 1244 non
630 1187 755 1257 solebat,
777 1188 807 1244 in
827 1188 960 1244 evocatis
984 1185 1153 1262 exemplum
1175 1184 1289 1243 nullum
1311 1185 1427 1255 inveni3
1451 1184 1537 1243 cuius

202 1287 386 1346 differentiae
408 1305 502 1370 censa
523 1287 600 1345 inira
622 1288 830 1365 explicabitur.
848 1321 885 1331 -
910 1287 1026 1364 Corpus
1047 1286 1163 1345 evocati
1187 1285 1349 1345 effecerunt
1368 1286 1537 1363 proprium,

201 1379 334 1457 σύστημα
355 1379 439 1456 ibren,
465 1397 498 1445 ut
525 1388 634 1446 diserte
660 1389 702 1447 ait
723 1388 799 1461 Dio,
829 1390 1045 1464 confirmatque
1068 1397 1172 1446 auctor
1193 1386 1229 1444 de
1250 1387 1358 1445 castris
1385 1386 1537 1446 metandis

203 1489 262 1547 cd
286 1489 417 1548 evocatis
443 1490 473 1545 in
502 1489 649 1563 pedatura
670 1491 788 1564 quidem
811 1491 975 1549 cohortium
1003 1489 1217 1565 praetoriarum
1240 1488 1339 1547 locum
1361 1488 1536 1565 adsignans,

201 1591 253 1649 sed
277 1600 309 1648 ut
331 1591 400 1648 item
424 1601 568 1667 appareat
590 1608 641 1649 eos
657 1591 695 1650 iis
712 1592 777 1649 iure
792 1610 850 1649 non
865 1591 1086 1668 comprehendi.
1119 1587 1287 1650 Confirmat
1300 1588 1431 1667 denique
1452 1607 1536 1667 egre·

200 1692 248 1766 gie
267 1691 372 1777 titulus
388 1689 421 1750 C.
433 1690 488 1762 Vl,
507 1692 585 1750 1009
606 1692 646 1749 Μ.
663 1693 787 1751 Aurelio
803 1691 925 1751 Caesari
949 1701 1010 1750 turn
1033 1690 1186 1750 dedicatus
1207 1692 1245 1751 ab
1264 1690 1397 1750 exercitu
1418 1691 1537 1749 urbano

200 1792 309 1849 civium
330 1791 545 1863 Romanorum,
572 1794 622 1851 ubi
645 1798 753 1852 euocati
775 1811 829 1853 suo
851 1794 918 1851 loco
940 1793 1124 1851 collocantur
1145 1800 1215 1869 post
1236 1792 1428 1853 centuriones
1449 1809 1535 1868 prae·

201 1892 335 1950 torianos
358 1900 387 1950 et
408 1894 538 1952 urbanos
566 1902 596 1952 et
618 1904 775 1967 staturum,
807 1905 874 1953 ante
901 1895 1012 1953 milites
1040 1893 1263 1975 centurionibus
1291 1893 1353 1952 illis
1381 1900 1536 1971 parentes.

202 1991 261 2066 Qui
284 1994 402 2052 obstare
423 1994 599 2052 videbantur
621 1997 756 2055 laterculi
779 1997 944 2055 cohortium
967 1996 1183 2071 praetoriarum
1205 2001 1236 2054 et
1256 1995 1438 2053 urbanarum
1461 2014 1536 2053 aua-

200 2102 348 2153 merantes
371 2097 447 2153 inter
461 2096 594 2172 reliquos
611 2097 719 2155 milites
734 2106 883 2168 evocatos,
907 2105 1048 2172 tanquam
1071 2107 1100 2155 et
1120 2097 1178 2173 ipsi
1202 2097 1314 2173 pariter
1327 2105 1419 2173 atque
1441 2095 1537 2175 sigui-

200 2195 253 2252 feri
282 2205 311 2254 et
335 2197 471 2271 optiones
497 2199 527 2256 in
557 2199 632 2273 ipsis
659 2199 833 2257 cohortibus
861 2198 1030 2270 militarint,
1058 2198 1157 2257 abiis
1183 2198 1242 2255 iam
1264 2196 1456 2257 Burmannus
1478 2215 1538 2257 uos

199 2296 351 2370 liberarit,
378 2308 539 2374 postquam
567 2300 596 2356 iu
620 2301 675 2358 hac
697 2299 894 2376 premeride
909 2298 955 2357 1v
977 2318 1006 2374 p.
1024 2280 1082 2357 317
1107 2299 1225 2377 egregie
1247 2298 1347 2357 docuit
1367 2297 1537 2359 laterculos

199 2416 252 2457 eos
274 2409 354 2457 certe
379 2399 539 2475 plerosque
561 2412 696 2476 spectare
730 2401 767 2459 ad
795 2400 966 2459 missionem
979 2399 1026 2476 3);
1059 2401 1102 2458 ita
1128 2401 1205 2459 enim
1232 2400 1259 2457 si
1291 2400 1344 2475 qni
1370 2417 1428 2475 pro
1459 2398 1537 2459 mia·

199 2499 282 2557 sione
305 2499 340 2557 ad
364 2500 497 2558 militiam
522 2501 662 2559 maiorem
684 2503 865 2573 transibant,
895 2521 958 2559 eam
982 2509 1214 2561 consentaneum
1236 2512 1282 2560 est
1308 2513 1339 2559 et
1358 2501 1459 2577 ipsam
1482 2500 1537 2559 ad·

199 2600 339 2675 scriptam
362 2618 442 2672 esse,
469 2601 710 2678 intellegiturque
731 2602 789 2660 iam
812 2621 870 2661 non
893 2604 990 2662 solum
1012 2621 1065 2662 cur
1087 2603 1222 2662 evocatio
1245 2603 1275 2659 iu
1297 2602 1336 2660 iis
1357 2601 1537 2681 diligentius

198 2701 365 2777 perscripta
396 2718 463 2759 esse
489 2701 625 2760 videatur
652 2722 740 2778 quam
768 2704 868 2761 officia
895 2704 1157 2781 principalium4),
1186 2703 1238 2762 sed
1265 2704 1355 2762 etiam
1383 2720 1439 2761 cur
1466 2722 1537 2762 cen·

198 2803 365 2860 turionatus
387 2801 568 2877 legionarius
596 2804 732 2861 similiter
752 2804 921 2879 adscriptus
943 2805 1158 2879 inveniatur5).
1203 2804 1298 2880 quue
1312 2804 1414 2879 ipsum
1428 2784 1538 2881 quam·-

198 2921 286 2977 quam
315 2903 465 2960 intervidit
492 2913 522 2961 et
548 2904 765 2979 quodammodo
794 2907 945 2981 praecepit
974 2903 1159 2964 Schmidtius
1186 2925 1215 2981 p.
1238 2906 1312 2977 351,
1339 2905 1468 2982 inuento
1498 2907 1536 2965 ad

199 3003 277 3061 hunc
299 3004 470 3080 scrupulum
493 3005 682 3064 eximendum
704 3025 765 3064 non
787 3014 834 3064 est
856 3024 939 3064 usus.
976 3004 1066 3079 Quod
1087 3024 1135 3066 res
1157 3005 1281 3084 requirit
1302 3013 1332 3064 et
1349 3024 1422 3064 vera
1445 3007 1537 3069 aliter

197 3122 263 3162 esse
286 3124 345 3162 non
368 3104 476 3179 potnit,
506 3115 539 3163 ut
561 3108 675 3164 evocati
699 3126 737 3165 ex
758 3106 888 3183 antiquis
912 3107 1043 3166 numeris
1067 3108 1241 3167 tollerentur
1262 3107 1379 3168 redacti
1399 3108 1441 3169 ad
1464 3127 1535 3186 pro·

257 3410 279 3471 ¹)
299 3413 371 3462 Haec
390 3414 477 3464 omnia
495 3422 563 3464 recte
580 3415 737 3467 Schmidtius
756 3430 781 3480 p.
797 3416 847 3467 341
870 3416 997 3479 exposuit,
1027 3417 1077 3468 nisi
1096 3417 1166 3482 quod
1185 3433 1211 3482 p.
1225 3417 1278 3468 345
1298 3416 1343 3480 (ci.
1362 3433 1390 3483 p.
1405 3416 1478 3483 338)
1506 3419 1534 3469 iu

197 3503 271 3552 titulo
291 3503 338 3564 v1,
355 3505 439 3555 2662:
465 3502 582 3557 Valerius
605 3505 705 3557 Taurus
722 3506 792 3556 miles
811 3508 889 3557 certia
903 3504 959 3557 VH
972 3509 1082 3574 pretoria
1100 3510 1211 3560 centurio
1235 3516 1355 3560 enecatus
1376 3510 1451 3561 insto
1474 3526 1535 3577 pru·

195 3593 318 3642 fundiora
336 3597 468 3657 quaesivit,
488 3614 545 3647 cum
564 3606 651 3662 aperte
670 3599 748 3648 homo
768 3600 900 3649 nationum
918 3597 1050 3649 Paeonius
1067 3600 1201 3650 balbutiat.

255 3682 279 3746 ²)
299 3686 405 3735 Henzen
425 3689 504 3738 6767.
546 3691 675 3739 Evocatus
692 3692 803 3755 Augusti
824 3690 897 3740 dom'a
916 3690 1024 3740 donatus
1043 3688 1082 3741 bis
1100 3707 1195 3742 corona
1212 3708 1294 3743 aurea
1311 3690 1445 3760 torquibus
1464 3692 1535 3761 pta-

196 3775 257 3824 leris
276 3776 385 3826 armillis
404 3777 434 3827 ob
454 3778 591 3846 triumphos
611 3778 671 3830 betti
682 3779 776 3831 Dom'er¹
793 3783 937 3831 aTraiano
956 3781 997 3843 (0.
1012 3782 1062 3843 ΙΙΙ,
1077 3783 1160 3844 6³59)
1180 3785 1236 3833 siaa
1254 3785 1334 3835 dubio
1354 3785 1446 3850 priore
1464 3785 1537 3837 bellu

193 3866 292 3916 Dacico
310 3871 421 3932 gregalis
440 3887 541 3921 merens
560 3873 669 3922 donatus
687 3879 725 3922 est
743 3873 877 3938 torquibus
896 3873 1009 3938 phaleris
1033 3875 1151 3937 armillis,
1170 3875 1251 3926 altero
1273 3882 1396 3927 evocatus
1419 3877 1538 3929 donatae

195 3974 290 4008 corona
310 3975 395 4010 aurea.

253 4048 277 4110 ²)
296 4051 484 4102 Difficultatem
503 4054 601 4105 faciunt
620 4054 686 4103 tituli
706 4054 757 4104 ‹luo
777 4055 870 4119 pariles
893 4057 922 4107 C.
939 4057 986 4118 VI,
1007 4057 1146 4121 212213,
1175 4074 1240 4124 quos
1257 4072 1281 4111 a.
1295 4060 1345 4111 181
1366 4060 1454 4125 geniis
1471 4074 1531 4113 aaa·

194 4142 317 4190 turiurum
338 4144 447 4192 duarum
467 4145 688 4208 praetorianarum
707 4146 891 4197 dedicaverunt
909 4151 1039 4211 centurio,
1060 4151 1118 4199 item
1136 4151 1236 4201 euocati
1253 4157 1277 4200 et
1294 4150 1401 4213 milites,
1420 4166 1533 4217 quoru,

193 4233 300 4282 nomina
312 4234 442 4299 adscripta
455 4250 509 4286 esse
523 4238 649 4298 dicuntur,
661 4239 713 4287 iam
727 4253 787 4287 vero
801 4239 987 4290 desiderantur.
1013 4242 1065 4292 Eos
1075 4242 1238 4293 Burmannus
1257 4241 1276 4291 l.
1286 4258 1310 4293 c.
1323 4258 1353 4307 p.
1363 4240 1420 4295 320
1432 4242 1528 4294 meula

193 4324 226 4373 ad
246 4325 340 4373 milites
359 4327 402 4391 qni
423 4335 475 4376 tum
495 4329 522 4377 in
542 4343 573 4378 ea
591 4330 707 4378 centuria
725 4338 811 4379 essent
828 4345 927 4392 omnes,
947 4333 1024 4396 idque
1042 4332 1143 4398 flagitat
1161 4340 1264 4399 praeter
1283 4333 1364 4385 verba
1379 4334 1528 4399 ipaaatiara
1561 4382 1564 4387 ,

192 4416 254 4463 anni
274 4417 425 4480 imparilitas
444 4418 488 4480 (et.
508 4419 640 4469 Burmann
660 4420 677 4470 l.
691 4436 714 4470 c.
733 4437 757 4485 p.
775 4421 852 4483 318);
881 4423 926 4472 sed
950 4424 987 4473 ita
1009 4426 1109 4475 evocati
1133 4440 1235 4491 quoque
1259 4425 1292 4475 ad
1316 4426 1449 4477 centurias
1471 4424 1531 4475 tuu-

191 4504 355 4570 rediguntur,
383 4509 409 4557 in
430 4509 521 4573 quibus
541 4512 670 4561 numerari
690 4513 741 4561 iam
761 4513 899 4564 desierant.
941 4515 979 4564 At
997 4522 1082 4579 potest
1100 4517 1252 4580 responderi
1270 4516 1378 4578 militas,
1406 4517 1451 4583 qni
1469 4492 1531 4567 cess·¹

193 4596 274 4646 turiae
294 4598 348 4647 eins
367 4599 429 4647 olim
449 4599 557 4651 tuissent
576 4611 602 4651 et
621 4603 708 4652 itaer
727 4618 760 4653 ea
778 4605 917 4666 exiissent,
937 4613 1068 4670 utusque
1087 4609 1198 4658 militare
1218 4608 1365 4659 desinerent
1382 4622 1469 4675 neqas
1484 4620 1524 4657 ar·

191 4687 249 4736 bem
269 4688 454 4753 relinquerent,
483 4707 536 4742 non
561 4694 671 4744 absurde
694 4695 721 4744 in
740 4711 769 4745 ra
788 4712 861 4747 sacra
886 4697 919 4747 ad
943 4697 1037 4747 milites
1062 4699 1168 4764 adiungi
1192 4700 1221 4749 in
1243 4700 1335 4751 eadem
1357 4700 1475 4751 eannrla
1493 4710 1531 4751 υ,

192 4784 307 4844 tempore
326 4789 462 4832 merentes.

249 4868 274 4932 ⁴)
293 4873 361 4922 Nam
375 4873 401 4921 in
415 4874 537 4925 laterculo
547 4875 595 4937 VI,
612 4876 682 4927 2386
703 4878 783 4928 tribua
802 4879 949 4929 bominibus
972 4881 1088 4931 evocatio
1112 4881 1243 4947 adscripta
1255 4887 1303 4945 eat,
1322 4881 1442 4935 amdan
1453 4878 1532 4941 mm»,

250 4960 273 5023 5)
293 4963 324 5013 ln
343 4964 468 5014 laterculo
487 4965 630 5016 cohortium
650 4969 805 5020 urbanarum
824 4972 878 5031 Vl,
908 4971 1035 5033 388411,
1057 4975 1070 5022 l
1093 4973 1249 5039 adscriptum
1272 4980 1326 5025 eata
1353 4975 1369 5021 1
1390 4966 1510 5043 109.ss

191 5050 224 5103 F.
236 5052 263 5116 s.
301 5056 468 5122 adscriptum
482 5058 537 5121 VI,
559 5058 627 5108 2381
651 5059 677 5120 (a
691 5060 747 5123 111,
769 5061 795 5124 2)
821 5078 842 5111 c.
863 5061 912 5127 lep.
931 5064 1086 5128 significabit
1104 5065 1304 5117 cornicularium
1325 5066 1439 5133 latibula
1456 5040 1510 5129 Η,

191 5145 246 5197 leve
266 5147 389 5199 cilicium.
1354 5186 1357 5191 ¹
1404 5184 1410 5195 ·
1472 5168 1495 5193 ’-
