<?xml version="1.0" encoding="UTF-8"?>
<!DOCTYPE html PUBLIC "-//W3C//DTD XHTML 1.0 Transitional//EN"
    "http://www.w3.org/TR/xhtml1/DTD/xhtml1-transitional.dtd">
<html xmlns="http://www.w3.org/1999/xhtml" xml:lang="en" lang="en">
 <head>
  <title>
</title>
<meta http-equiv="Content-Type" content="text/html;charset=utf-8" />
  <meta name='ocr-system' content='tesseract 3.04.00' />
  <meta name='ocr-capabilities' content='ocr_page ocr_carea ocr_par ocr_line ocrx_word'/>
</head>
<body>
  <div class='ocr_page' id='page_1' title='image "./ephemerisepigra01instgoog_0028.png"; bbox 0 0 3450 5828; ppageno 0'>
   <div class='ocr_carea' id='block_1_1' title="bbox 631 533 1077 585">
    <p class='ocr_par' dir='ltr' id='par_1_1' title="bbox 631 533 1077 585">
     <span class='ocr_line' id='line_1_1' title="bbox 631 533 1077 585; baseline -0.002 0"><span class='ocrx_word' id='word_1_1' title='bbox 631 533 903 585; x_wconf 60' lang='lat' dir='ltr'>substitimus</span> <span class='ocrx_word' id='word_1_2' title='bbox 932 536 1014 585; x_wconf 74' lang='lat' dir='ltr'>vot..</span> <span class='ocrx_word' id='word_1_3' title='bbox 1034 535 1077 584; x_wconf 83' lang='lat'>111</span> 
     </span>
    </p>
   </div>
   <div class='ocr_carea' id='block_1_2' title="bbox 789 834 922 896">
    <p class='ocr_par' dir='ltr' id='par_1_2' title="bbox 789 834 922 896">
     <span class='ocr_line' id='line_1_2' title="bbox 789 834 922 896; baseline 0.008 -2"><span class='ocrx_word' id='word_1_4' title='bbox 789 834 922 896; x_wconf 78' lang='lat' dir='ltr'>Kiarltu.</span> 
     </span>
    </p>
   </div>
   <div class='ocr_carea' id='block_1_3' title="bbox 235 1003 1527 1092">
    <p class='ocr_par' dir='ltr' id='par_1_3' title="bbox 235 1003 1527 1092">
     <span class='ocr_line' id='line_1_3' title="bbox 235 1003 1527 1092; baseline -0.005 -19"><span class='ocrx_word' id='word_1_5' title='bbox 235 1011 367 1073; x_wconf 77' lang='lat' dir='ltr'>Kisclrta</span> <span class='ocrx_word' id='word_1_6' title='bbox 387 1012 530 1092; x_wconf 87' lang='lat' dir='ltr'>oppidum</span> <span class='ocrx_word' id='word_1_7' title='bbox 553 1013 642 1070; x_wconf 81' lang='lat' dir='ltr'>situm</span> <span class='ocrx_word' id='word_1_8' title='bbox 664 1011 702 1070; x_wconf 90' lang='lat' dir='ltr'>ad</span> <span class='ocrx_word' id='word_1_9' title='bbox 720 1010 885 1073; x_wconf 68' lang='lat' dir='ltr'>Boiam-Su</span> <span class='ocrx_word' id='word_1_10' title='bbox 907 1013 1001 1070; x_wconf 76' lang='lat' dir='ltr'>ritum</span> <span class='ocrx_word' id='word_1_11' title='bbox 1024 1011 1209 1086; x_wconf 80' lang='lat' dir='ltr'>(affluentem</span> <span class='ocrx_word' id='word_1_12' title='bbox 1230 1010 1312 1070; x_wconf 76' lang='lat' dir='ltr'>durii</span> <span class='ocrx_word' id='word_1_13' title='bbox 1325 1003 1527 1079; x_wconf 66' lang='lat' dir='ltr'>musa,</span> 
     </span>
    </p>
   </div>
   <div class='ocr_carea' id='block_1_4' title="bbox 193 1107 1531 2211">
    <p class='ocr_par' dir='ltr' id='par_1_4' title="bbox 193 1107 1531 2211">
     <span class='ocr_line' id='line_1_4' title="bbox 194 1107 1528 1193; baseline -0.006 -19"><span class='ocrx_word' id='word_1_14' title='bbox 194 1117 246 1192; x_wconf 82' lang='lat' dir='ltr'>qui</span> <span class='ocrx_word' id='word_1_15' title='bbox 268 1117 333 1193; x_wconf 85' lang='lat' dir='ltr'>ipse</span> <span class='ocrx_word' id='word_1_16' title='bbox 354 1116 459 1174; x_wconf 78' lang='lat' dir='ltr'>incidit</span> <span class='ocrx_word' id='word_1_17' title='bbox 479 1117 510 1174; x_wconf 92' lang='lat' dir='ltr'>in</span> <span class='ocrx_word' id='word_1_18' title='bbox 525 1115 734 1192; x_wconf 75' lang='lat' dir='ltr'>Euphratem),</span> <span class='ocrx_word' id='word_1_19' title='bbox 756 1115 840 1184; x_wconf 87' lang='lat' dir='ltr'>olim,</span> <span class='ocrx_word' id='word_1_20' title='bbox 861 1124 952 1172; x_wconf 81' lang='lat' dir='ltr'>ntea</span> <span class='ocrx_word' id='word_1_21' title='bbox 974 1115 1023 1172; x_wconf 86' lang='lat' dir='ltr'>his</span> <span class='ocrx_word' id='word_1_22' title='bbox 1045 1114 1143 1173; x_wconf 88' lang='lat' dir='ltr'>titulis</span> <span class='ocrx_word' id='word_1_23' title='bbox 1164 1114 1240 1172; x_wconf 86' lang='lat' dir='ltr'>solia</span> <span class='ocrx_word' id='word_1_24' title='bbox 1253 1111 1394 1183; x_wconf 75' lang='lat' dir='ltr'>innotuit,</span> <span class='ocrx_word' id='word_1_25' title='bbox 1415 1107 1528 1168; x_wconf 74' lang='lat' dir='ltr'>chabi-</span> 
     </span>
     <span class='ocr_line' id='line_1_5' title="bbox 194 1209 1528 1295; baseline -0.003 -20"><span class='ocrx_word' id='word_1_26' title='bbox 194 1237 262 1275; x_wconf 81' lang='lat' dir='ltr'>nam</span> <span class='ocrx_word' id='word_1_27' title='bbox 284 1218 409 1288; x_wconf 85' lang='lat' dir='ltr'>dictum,</span> <span class='ocrx_word' id='word_1_28' title='bbox 437 1218 468 1276; x_wconf 92' lang='lat' dir='ltr'>in</span> <span class='ocrx_word' id='word_1_29' title='bbox 490 1219 566 1295; x_wconf 86' lang='lat' dir='ltr'>ipsis</span> <span class='ocrx_word' id='word_1_30' title='bbox 588 1218 727 1276; x_wconf 84' lang='lat' dir='ltr'>confiniis</span> <span class='ocrx_word' id='word_1_31' title='bbox 749 1215 966 1293; x_wconf 77' lang='lat' dir='ltr'>Commagenes</span> <span class='ocrx_word' id='word_1_32' title='bbox 987 1231 1018 1274; x_wconf 93' lang='lat' dir='ltr'>et</span> <span class='ocrx_word' id='word_1_33' title='bbox 1040 1214 1266 1293; x_wconf 70' lang='lat' dir='ltr'>Cappadociae,</span> <span class='ocrx_word' id='word_1_34' title='bbox 1286 1213 1404 1290; x_wconf 80' lang='lat' dir='ltr'>antiqui</span> <span class='ocrx_word' id='word_1_35' title='bbox 1423 1209 1528 1288; x_wconf 81' lang='lat' dir='ltr'>oppidi</span> 
     </span>
     <span class='ocr_line' id='line_1_6' title="bbox 194 1313 1529 1394; baseline -0.005 -18"><span class='ocrx_word' id='word_1_36' title='bbox 194 1319 290 1377; x_wconf 80' lang='lat' dir='ltr'>locum</span> <span class='ocrx_word' id='word_1_37' title='bbox 319 1320 452 1378; x_wconf 85' lang='lat' dir='ltr'>tenuisse</span> <span class='ocrx_word' id='word_1_38' title='bbox 480 1319 641 1379; x_wconf 76' lang='lat' dir='ltr'>verisimile</span> <span class='ocrx_word' id='word_1_39' title='bbox 668 1338 727 1377; x_wconf 86' lang='lat' dir='ltr'>non</span> <span class='ocrx_word' id='word_1_40' title='bbox 759 1334 822 1389; x_wconf 75' lang='lat' dir='ltr'>est,</span> <span class='ocrx_word' id='word_1_41' title='bbox 854 1337 908 1376; x_wconf 86' lang='lat' dir='ltr'>nec</span> <span class='ocrx_word' id='word_1_42' title='bbox 941 1318 1017 1376; x_wconf 89' lang='lat' dir='ltr'>tituli</span> <span class='ocrx_word' id='word_1_43' title='bbox 1046 1319 1099 1394; x_wconf 91' lang='lat' dir='ltr'>qui</span> <span class='ocrx_word' id='word_1_44' title='bbox 1125 1319 1204 1377; x_wconf 81' lang='lat' dir='ltr'>infra</span> <span class='ocrx_word' id='word_1_45' title='bbox 1227 1319 1367 1394; x_wconf 82' lang='lat' dir='ltr'>leguntur</span> <span class='ocrx_word' id='word_1_46' title='bbox 1392 1313 1472 1373; x_wconf 84' lang='lat' dir='ltr'>illud</span> <span class='ocrx_word' id='word_1_47' title='bbox 1495 1321 1529 1370; x_wconf 82' lang='lat' dir='ltr'>at</span> 
     </span>
     <span class='ocr_line' id='line_1_7' title="bbox 195 1415 1529 1499; baseline -0.001 -21"><span class='ocrx_word' id='word_1_48' title='bbox 195 1430 359 1479; x_wconf 73' lang='lat' dir='ltr'>statuamus</span> <span class='ocrx_word' id='word_1_49' title='bbox 382 1438 438 1479; x_wconf 86' lang='lat' dir='ltr'>nos</span> <span class='ocrx_word' id='word_1_50' title='bbox 459 1433 583 1499; x_wconf 80' lang='lat' dir='ltr'>cogunt,</span> <span class='ocrx_word' id='word_1_51' title='bbox 605 1439 659 1478; x_wconf 85' lang='lat' dir='ltr'>nec</span> <span class='ocrx_word' id='word_1_52' title='bbox 681 1422 777 1497; x_wconf 88' lang='lat' dir='ltr'>magis</span> <span class='ocrx_word' id='word_1_53' title='bbox 799 1430 1020 1479; x_wconf 90' lang='lat' dir='ltr'>monumentum</span> <span class='ocrx_word' id='word_1_54' title='bbox 1044 1421 1185 1478; x_wconf 78' lang='lat' dir='ltr'>Antiochi</span> <span class='ocrx_word' id='word_1_55' title='bbox 1207 1419 1288 1497; x_wconf 82' lang='lat' dir='ltr'>regis</span> <span class='ocrx_word' id='word_1_56' title='bbox 1308 1415 1529 1493; x_wconf 58' lang='lat' dir='ltr'>comm</span> 
     </span>
     <span class='ocr_line' id='line_1_8' title="bbox 193 1516 1528 1600; baseline -0.004 -20"><span class='ocrx_word' id='word_1_57' title='bbox 193 1522 306 1581; x_wconf 84' lang='lat' dir='ltr'>iactum</span> <span class='ocrx_word' id='word_1_58' title='bbox 327 1524 357 1579; x_wconf 89' lang='lat' dir='ltr'>iu</span> <span class='ocrx_word' id='word_1_59' title='bbox 379 1521 472 1580; x_wconf 83' lang='lat' dir='ltr'>Tauri</span> <span class='ocrx_word' id='word_1_60' title='bbox 496 1524 606 1582; x_wconf 75' lang='lat' dir='ltr'>uertice</span> <span class='ocrx_word' id='word_1_61' title='bbox 628 1524 767 1599; x_wconf 82' lang='lat' dir='ltr'>proximo</span> <span class='ocrx_word' id='word_1_62' title='bbox 788 1520 1045 1600; x_wconf 64' lang='lat' dir='ltr'>Xemruddagh,</span> <span class='ocrx_word' id='word_1_63' title='bbox 1074 1523 1233 1598; x_wconf 83' lang='lat' dir='ltr'>repetitum</span> <span class='ocrx_word' id='word_1_64' title='bbox 1255 1522 1326 1578; x_wconf 84' lang='lat' dir='ltr'>item</span> <span class='ocrx_word' id='word_1_65' title='bbox 1346 1520 1378 1576; x_wconf 90' lang='lat' dir='ltr'>iu</span> <span class='ocrx_word' id='word_1_66' title='bbox 1399 1516 1528 1577; x_wconf 69' lang='lat' dir='ltr'>maeno</span> 
     </span>
     <span class='ocr_line' id='line_1_9' title="bbox 195 1619 1529 1701; baseline -0.001 -20"><span class='ocrx_word' id='word_1_67' title='bbox 195 1640 288 1701; x_wconf 84' lang='lat' dir='ltr'>supra</span> <span class='ocrx_word' id='word_1_68' title='bbox 308 1623 451 1701; x_wconf 84' lang='lat' dir='ltr'>oppidum</span> <span class='ocrx_word' id='word_1_69' title='bbox 474 1625 602 1682; x_wconf 77' lang='lat' dir='ltr'>ticinum</span> <span class='ocrx_word' id='word_1_70' title='bbox 625 1622 740 1700; x_wconf 88' lang='lat' dir='ltr'>Gerger</span> <span class='ocrx_word' id='word_1_71' title='bbox 760 1623 800 1680; x_wconf 88' lang='lat' dir='ltr'>ad</span> <span class='ocrx_word' id='word_1_72' title='bbox 821 1623 1024 1701; x_wconf 77' lang='lat' dir='ltr'>Euphratem,</span> <span class='ocrx_word' id='word_1_73' title='bbox 1050 1625 1133 1700; x_wconf 91' lang='lat' dir='ltr'>quod</span> <span class='ocrx_word' id='word_1_74' title='bbox 1154 1624 1279 1683; x_wconf 88' lang='lat' dir='ltr'>creduut</span> <span class='ocrx_word' id='word_1_75' title='bbox 1298 1622 1396 1681; x_wconf 80' lang='lat' dir='ltr'>luisse</span> <span class='ocrx_word' id='word_1_76' title='bbox 1415 1619 1529 1679; x_wconf 77' lang='lat' dir='ltr'>Bam·</span> 
     </span>
     <span class='ocr_line' id='line_1_10' title="bbox 195 1720 1530 1802; baseline -0.001 -19"><span class='ocrx_word' id='word_1_77' title='bbox 195 1725 293 1784; x_wconf 85' lang='lat' dir='ltr'>Ionem</span> <span class='ocrx_word' id='word_1_78' title='bbox 315 1726 476 1785; x_wconf 76' lang='lat' dir='ltr'>Armeniae</span> <span class='ocrx_word' id='word_1_79' title='bbox 501 1726 625 1784; x_wconf 87' lang='lat' dir='ltr'>minoris</span> <span class='ocrx_word' id='word_1_80' title='bbox 652 1725 859 1799; x_wconf 83' lang='lat' dir='ltr'>(Ptolemaeus</span> <span class='ocrx_word' id='word_1_81' title='bbox 882 1727 956 1798; x_wconf 80' lang='lat' dir='ltr'>5,t,</span> <span class='ocrx_word' id='word_1_82' title='bbox 974 1726 1037 1801; x_wconf 92' lang='grc'><strong>11).</strong></span> <span class='ocrx_word' id='word_1_83' title='bbox 1085 1725 1145 1787; x_wconf 86' lang='lat' dir='ltr'>Sed</span> <span class='ocrx_word' id='word_1_84' title='bbox 1172 1726 1312 1802; x_wconf 84' lang='lat' dir='ltr'>antiquos</span> <span class='ocrx_word' id='word_1_85' title='bbox 1336 1724 1414 1782; x_wconf 64' lang='lat' dir='ltr'>sna</span> <span class='ocrx_word' id='word_1_86' title='bbox 1443 1720 1530 1798; x_wconf 79' lang='lat' dir='ltr'>regui</span> 
     </span>
     <span class='ocr_line' id='line_1_11' title="bbox 195 1824 1531 1906; baseline -0.002 -22"><span class='ocrx_word' id='word_1_87' title='bbox 195 1824 413 1906; x_wconf 84' lang='lat' dir='ltr'>Commagenes</span> <span class='ocrx_word' id='word_1_88' title='bbox 438 1838 469 1885; x_wconf 88' lang='lat' dir='ltr'>et</span> <span class='ocrx_word' id='word_1_89' title='bbox 495 1846 567 1887; x_wconf 86' lang='lat' dir='ltr'>mox</span> <span class='ocrx_word' id='word_1_90' title='bbox 594 1827 763 1904; x_wconf 70' lang='lat' dir='ltr'>provinciae</span> <span class='ocrx_word' id='word_1_91' title='bbox 788 1829 828 1886; x_wconf 85' lang='lat' dir='ltr'>ad</span> <span class='ocrx_word' id='word_1_92' title='bbox 854 1830 910 1887; x_wconf 89' lang='lat' dir='ltr'>hos</span> <span class='ocrx_word' id='word_1_93' title='bbox 937 1828 1019 1887; x_wconf 84' lang='lat' dir='ltr'>locos</span> <span class='ocrx_word' id='word_1_94' title='bbox 1046 1846 1141 1904; x_wconf 86' lang='lat' dir='ltr'>usque</span> <span class='ocrx_word' id='word_1_95' title='bbox 1166 1827 1345 1905; x_wconf 77' lang='lat' dir='ltr'>pertinuisse</span> <span class='ocrx_word' id='word_1_96' title='bbox 1365 1824 1437 1884; x_wconf 87' lang='lat' dir='ltr'>iude</span> <span class='ocrx_word' id='word_1_97' title='bbox 1464 1825 1531 1882; x_wconf 81' lang='lat' dir='ltr'>iure</span> 
     </span>
     <span class='ocr_line' id='line_1_12' title="bbox 194 1925 1530 2007; baseline -0.001 -22"><span class='ocrx_word' id='word_1_98' title='bbox 194 1928 354 2005; x_wconf 79' lang='lat' dir='ltr'>colligitur.</span> <span class='ocrx_word' id='word_1_99' title='bbox 404 1928 582 2005; x_wconf 76' lang='lat' dir='ltr'>Explorarit</span> <span class='ocrx_word' id='word_1_100' title='bbox 607 1931 683 1987; x_wconf 79' lang='lat' dir='ltr'>lianc</span> <span class='ocrx_word' id='word_1_101' title='bbox 710 1930 861 2007; x_wconf 82' lang='lat' dir='ltr'>regionem</span> <span class='ocrx_word' id='word_1_102' title='bbox 888 1950 982 2007; x_wconf 81' lang='lat' dir='ltr'>nuper</span> <span class='ocrx_word' id='word_1_103' title='bbox 1010 1929 1083 1989; x_wconf 90' lang='lat' dir='ltr'>Otto</span> <span class='ocrx_word' id='word_1_104' title='bbox 1110 1930 1272 1989; x_wconf 84' lang='lat' dir='ltr'>Puchstein</span> <span class='ocrx_word' id='word_1_105' title='bbox 1299 1927 1435 2004; x_wconf 80' lang='lat' dir='ltr'>(Berieltt</span> <span class='ocrx_word' id='word_1_106' title='bbox 1459 1925 1530 1984; x_wconf 65' lang='lat' dir='ltr'>ider</span> 
     </span>
     <span class='ocr_line' id='line_1_13' title="bbox 195 2025 1528 2091; baseline -0.002 -4"><span class='ocrx_word' id='word_1_107' title='bbox 195 2033 256 2089; x_wconf 78' lang='lat' dir='ltr'>elne</span> <span class='ocrx_word' id='word_1_108' title='bbox 277 2030 360 2088; x_wconf 74' lang='lat' dir='ltr'>Betae</span> <span class='ocrx_word' id='word_1_109' title='bbox 385 2034 413 2087; x_wconf 78' lang='lat' dir='ltr'>tn</span> <span class='ocrx_word' id='word_1_110' title='bbox 437 2028 596 2089; x_wconf 75' lang='lat' dir='ltr'>Kurdistun</span> <span class='ocrx_word' id='word_1_111' title='bbox 622 2032 654 2091; x_wconf 91' lang='lat' dir='ltr'>in</span> <span class='ocrx_word' id='word_1_112' title='bbox 680 2032 756 2090; x_wconf 82' lang='lat' dir='ltr'>actis</span> <span class='ocrx_word' id='word_1_113' title='bbox 782 2033 947 2091; x_wconf 85' lang='lat' dir='ltr'>minoribus</span> <span class='ocrx_word' id='word_1_114' title='bbox 972 2032 1143 2091; x_wconf 78' lang='lat' dir='ltr'>academiae</span> <span class='ocrx_word' id='word_1_115' title='bbox 1165 2031 1368 2090; x_wconf 80' lang='lat' dir='ltr'>BerolineusIs</span> <span class='ocrx_word' id='word_1_116' title='bbox 1393 2047 1423 2087; x_wconf 89' lang='lat' dir='ltr'>a.</span> <span class='ocrx_word' id='word_1_117' title='bbox 1447 2025 1528 2088; x_wconf 76' lang='lat'>1883</span> 
     </span>
     <span class='ocr_line' id='line_1_14' title="bbox 195 2129 1528 2211; baseline -0.001 -23"><span class='ocrx_word' id='word_1_118' title='bbox 195 2151 225 2207; x_wconf 89' lang='lat' dir='ltr'>p.</span> <span class='ocrx_word' id='word_1_119' title='bbox 242 2129 280 2189; x_wconf 85' lang='grc'>99</span> <span class='ocrx_word' id='word_1_120' title='bbox 296 2149 360 2208; x_wconf 84' lang='lat' dir='ltr'>seq.</span> <span class='ocrx_word' id='word_1_121' title='bbox 382 2131 498 2191; x_wconf 83' lang='lat' dir='ltr'>adiecta</span> <span class='ocrx_word' id='word_1_122' title='bbox 518 2133 657 2211; x_wconf 88' lang='lat' dir='ltr'>mappa);</span> <span class='ocrx_word' id='word_1_123' title='bbox 687 2133 789 2191; x_wconf 89' lang='lat' dir='ltr'>titulos</span> <span class='ocrx_word' id='word_1_124' title='bbox 811 2135 849 2192; x_wconf 92' lang='lat' dir='ltr'>ab</span> <span class='ocrx_word' id='word_1_125' title='bbox 870 2154 907 2193; x_wconf 90' lang='lat' dir='ltr'>eo</span> <span class='ocrx_word' id='word_1_126' title='bbox 932 2134 1100 2211; x_wconf 83' lang='lat' dir='ltr'>descriptos</span> <span class='ocrx_word' id='word_1_127' title='bbox 1127 2146 1158 2192; x_wconf 90' lang='lat' dir='ltr'>et</span> <span class='ocrx_word' id='word_1_128' title='bbox 1179 2151 1237 2210; x_wconf 90' lang='lat' dir='ltr'>ego</span> <span class='ocrx_word' id='word_1_129' title='bbox 1257 2153 1297 2192; x_wconf 85' lang='lat' dir='ltr'>ex</span> <span class='ocrx_word' id='word_1_130' title='bbox 1318 2130 1438 2191; x_wconf 81' lang='lat' dir='ltr'>schedis</span> <span class='ocrx_word' id='word_1_131' title='bbox 1460 2131 1528 2188; x_wconf 86' lang='lat' dir='ltr'>eius</span> 
     </span>
    </p>
   </div>
   <div class='ocr_carea' id='block_1_5' title="bbox 195 2233 1509 2312">
    <p class='ocr_par' dir='ltr' id='par_1_5' title="bbox 195 2233 1509 2312">
     <span class='ocr_line' id='line_1_15' title="bbox 195 2233 1509 2312; baseline -0.002 -20"><span class='ocrx_word' id='word_1_132' title='bbox 195 2233 296 2311; x_wconf 85' lang='lat' dir='ltr'>accepi</span> <span class='ocrx_word' id='word_1_133' title='bbox 319 2245 348 2292; x_wconf 83' lang='lat' dir='ltr'>et</span> <span class='ocrx_word' id='word_1_134' title='bbox 368 2235 482 2311; x_wconf 87' lang='lat' dir='ltr'>accepit</span> <span class='ocrx_word' id='word_1_135' title='bbox 504 2234 678 2308; x_wconf 83' lang='lat' dir='ltr'>lienzeuus,</span> <span class='ocrx_word' id='word_1_136' title='bbox 699 2237 750 2312; x_wconf 90' lang='lat' dir='ltr'>qui</span> <span class='ocrx_word' id='word_1_137' title='bbox 771 2235 865 2295; x_wconf 84' lang='lat' dir='ltr'>edidit</span> <span class='ocrx_word' id='word_1_138' title='bbox 886 2237 967 2296; x_wconf 79' lang='lat' dir='ltr'>Ball.</span> <span class='ocrx_word' id='word_1_139' title='bbox 990 2236 1057 2296; x_wconf 81' lang='lat' dir='ltr'>delt&#39;</span> <span class='ocrx_word' id='word_1_140' title='bbox 1079 2237 1213 2296; x_wconf 75' lang='lat' dir='ltr'>Instituta</span> <span class='ocrx_word' id='word_1_141' title='bbox 1238 2234 1317 2295; x_wconf 84' lang='grc'><strong>1883</strong></span> <span class='ocrx_word' id='word_1_142' title='bbox 1339 2253 1369 2310; x_wconf 90' lang='lat' dir='ltr'>p.</span> <span class='ocrx_word' id='word_1_143' title='bbox 1385 2233 1425 2292; x_wconf 84' lang='grc'>83</span> <span class='ocrx_word' id='word_1_144' title='bbox 1442 2249 1509 2308; x_wconf 87' lang='lat' dir='ltr'>seq.</span> 
     </span>
    </p>
   </div>
   <div class='ocr_carea' id='block_1_6' title="bbox 661 2495 1060 2576">
    <p class='ocr_par' dir='ltr' id='par_1_6' title="bbox 661 2495 1060 2576">
     <span class='ocr_line' id='line_1_16' title="bbox 661 2495 1060 2576; baseline 0.01 -22"><span class='ocrx_word' id='word_1_145' title='bbox 661 2495 791 2571; x_wconf 72' lang='lat' dir='ltr'>(Tectum</span> <span class='ocrx_word' id='word_1_146' title='bbox 814 2498 877 2555; x_wconf 76' lang='lat' dir='ltr'>ride</span> <span class='ocrx_word' id='word_1_147' title='bbox 895 2516 963 2575; x_wconf 73' lang='lat' dir='ltr'>paq.</span> <span class='ocrx_word' id='word_1_148' title='bbox 986 2500 1060 2576; x_wconf 83' lang='lat' dir='ltr'>seq.)</span> 
     </span>
    </p>
   </div>
   <div class='ocr_carea' id='block_1_7' title="bbox 191 2753 1533 4357">
    <p class='ocr_par' dir='ltr' id='par_1_7' title="bbox 191 2753 1533 4357">
     <span class='ocr_line' id='line_1_17' title="bbox 237 2753 1532 2835; baseline -0.002 -18"><span class='ocrx_word' id='word_1_149' title='bbox 237 2754 369 2819; x_wconf 76' lang='lat'>25-30.</span> <span class='ocrx_word' id='word_1_150' title='bbox 410 2756 584 2818; x_wconf 85' lang='lat' dir='ltr'>Tribunicia</span> <span class='ocrx_word' id='word_1_151' title='bbox 604 2764 738 2832; x_wconf 83' lang='lat' dir='ltr'>potestas</span> <span class='ocrx_word' id='word_1_152' title='bbox 754 2753 858 2816; x_wconf 85' lang='lat' dir='ltr'>Severi</span> <span class='ocrx_word' id='word_1_153' title='bbox 873 2755 937 2814; x_wconf 92' lang='lat' dir='ltr'>XII</span> <span class='ocrx_word' id='word_1_154' title='bbox 956 2757 1104 2834; x_wconf 81' lang='lat' dir='ltr'>significat</span> <span class='ocrx_word' id='word_1_155' title='bbox 1124 2778 1151 2818; x_wconf 83' lang='lat' dir='ltr'>a</span> <span class='ocrx_word' id='word_1_156' title='bbox 1169 2758 1246 2829; x_wconf 79' lang='grc'><strong>901;</strong></span> <span class='ocrx_word' id='word_1_157' title='bbox 1267 2757 1433 2835; x_wconf 82' lang='lat' dir='ltr'>imperator</span> <span class='ocrx_word' id='word_1_158' title='bbox 1447 2753 1532 2815; x_wconf 83' lang='lat' dir='ltr'>VIII</span> 
     </span>
     <span class='ocr_line' id='line_1_18' title="bbox 194 2858 1532 2939; baseline -0.002 -20"><span class='ocrx_word' id='word_1_159' title='bbox 194 2860 272 2920; x_wconf 82' lang='lat' dir='ltr'>idem</span> <span class='ocrx_word' id='word_1_160' title='bbox 300 2861 358 2920; x_wconf 83' lang='lat' dir='ltr'>luit</span> <span class='ocrx_word' id='word_1_161' title='bbox 384 2879 437 2939; x_wconf 84' lang='lat' dir='ltr'>per</span> <span class='ocrx_word' id='word_1_162' title='bbox 464 2881 491 2919; x_wconf 80' lang='lat' dir='ltr'>a</span> <span class='ocrx_word' id='word_1_163' title='bbox 515 2859 573 2919; x_wconf 86' lang='lat'>195</span> <span class='ocrx_word' id='word_1_164' title='bbox 596 2858 650 2936; x_wconf 79' lang='lat' dir='ltr'>(i).</span> <span class='ocrx_word' id='word_1_165' title='bbox 680 2858 841 2932; x_wconf 84' lang='grc'><strong>196197,</strong></span> <span class='ocrx_word' id='word_1_166' title='bbox 867 2877 929 2918; x_wconf 88' lang='lat' dir='ltr'>cos.</span> <span class='ocrx_word' id='word_1_167' title='bbox 945 2858 977 2917; x_wconf 92' lang='lat'>11</span> <span class='ocrx_word' id='word_1_168' title='bbox 1004 2880 1059 2937; x_wconf 88' lang='lat' dir='ltr'>per</span> <span class='ocrx_word' id='word_1_169' title='bbox 1084 2881 1111 2920; x_wconf 88' lang='lat' dir='ltr'>a.</span> <span class='ocrx_word' id='word_1_170' title='bbox 1130 2859 1302 2920; x_wconf 83' lang='grc'><strong>191-991.</strong></span> <span class='ocrx_word' id='word_1_171' title='bbox 1350 2860 1532 2918; x_wconf 77' lang='lat' dir='ltr'>Antoninus</span> 
     </span>
     <span class='ocr_line' id='line_1_19' title="bbox 194 2961 1533 3042; baseline -0.001 -22"><span class='ocrx_word' id='word_1_172' title='bbox 194 2965 350 3042; x_wconf 83' lang='lat' dir='ltr'>Augustus</span> <span class='ocrx_word' id='word_1_173' title='bbox 372 2963 431 3022; x_wconf 90' lang='lat' dir='ltr'>dici</span> <span class='ocrx_word' id='word_1_174' title='bbox 452 2971 576 3040; x_wconf 86' lang='lat' dir='ltr'>coeptus</span> <span class='ocrx_word' id='word_1_175' title='bbox 597 2973 642 3021; x_wconf 87' lang='lat' dir='ltr'>cst</span> <span class='ocrx_word' id='word_1_176' title='bbox 665 2982 692 3020; x_wconf 86' lang='lat' dir='ltr'>a.</span> <span class='ocrx_word' id='word_1_177' title='bbox 711 2961 779 3034; x_wconf 88' lang='grc'><strong>198,</strong></span> <span class='ocrx_word' id='word_1_178' title='bbox 801 2961 872 3039; x_wconf 90' lang='lat' dir='ltr'>imp.</span> <span class='ocrx_word' id='word_1_179' title='bbox 885 2961 934 3020; x_wconf 95' lang='lat' dir='ltr'>III</span> <span class='ocrx_word' id='word_1_180' title='bbox 956 2961 997 3036; x_wconf 90' lang='lat' dir='ltr'>(si</span> <span class='ocrx_word' id='word_1_181' title='bbox 1018 2962 1136 3038; x_wconf 87' lang='lat' dir='ltr'>quidem</span> <span class='ocrx_word' id='word_1_182' title='bbox 1159 2963 1216 3021; x_wconf 92' lang='lat' dir='ltr'>hoc</span> <span class='ocrx_word' id='word_1_183' title='bbox 1238 2981 1307 3021; x_wconf 83' lang='lat' dir='ltr'>vere</span> <span class='ocrx_word' id='word_1_184' title='bbox 1328 2961 1359 3019; x_wconf 91' lang='lat' dir='ltr'>iu</span> <span class='ocrx_word' id='word_1_185' title='bbox 1374 2961 1533 3036; x_wconf 74' lang='lat' dir='ltr'>lapidibus</span> 
     </span>
     <span class='ocr_line' id='line_1_20' title="bbox 194 3061 1532 3141; baseline -0.001 -20"><span class='ocrx_word' id='word_1_186' title='bbox 194 3063 316 3141; x_wconf 81' lang='lat' dir='ltr'>legitur)</span> <span class='ocrx_word' id='word_1_187' title='bbox 332 3074 403 3140; x_wconf 89' lang='lat' dir='ltr'>post</span> <span class='ocrx_word' id='word_1_188' title='bbox 416 3073 540 3123; x_wconf 84' lang='lat' dir='ltr'>mortem</span> <span class='ocrx_word' id='word_1_189' title='bbox 555 3064 674 3123; x_wconf 89' lang='lat' dir='ltr'>demum</span> <span class='ocrx_word' id='word_1_190' title='bbox 690 3066 784 3140; x_wconf 86' lang='lat' dir='ltr'>patris</span> <span class='ocrx_word' id='word_1_191' title='bbox 800 3084 827 3123; x_wconf 84' lang='lat' dir='ltr'>a</span> <span class='ocrx_word' id='word_1_192' title='bbox 840 3064 910 3123; x_wconf 87' lang='grc'><strong>913.</strong></span> <span class='ocrx_word' id='word_1_193' title='bbox 937 3063 1100 3122; x_wconf 87' lang='lat' dir='ltr'>Henzenns</span> <span class='ocrx_word' id='word_1_194' title='bbox 1116 3064 1241 3123; x_wconf 89' lang='lat' dir='ltr'>coniecit</span> <span class='ocrx_word' id='word_1_195' title='bbox 1256 3063 1433 3138; x_wconf 85' lang='lat' dir='ltr'>scriptorem</span> <span class='ocrx_word' id='word_1_196' title='bbox 1448 3061 1532 3121; x_wconf 83' lang='lat' dir='ltr'>tituli</span> 
     </span>
     <span class='ocr_line' id='line_1_21' title="bbox 193 3163 1533 3244; baseline -0.001 -22"><span class='ocrx_word' id='word_1_197' title='bbox 193 3165 401 3243; x_wconf 88' lang='lat' dir='ltr'>imperatorias</span> <span class='ocrx_word' id='word_1_198' title='bbox 423 3166 653 3225; x_wconf 77' lang='lat' dir='ltr'>acclamationes</span> <span class='ocrx_word' id='word_1_199' title='bbox 676 3167 753 3224; x_wconf 88' lang='lat' dir='ltr'>male</span> <span class='ocrx_word' id='word_1_200' title='bbox 775 3184 890 3225; x_wconf 84' lang='lat' dir='ltr'>annuas</span> <span class='ocrx_word' id='word_1_201' title='bbox 912 3167 1029 3244; x_wconf 88' lang='lat' dir='ltr'>imperii</span> <span class='ocrx_word' id='word_1_202' title='bbox 1052 3166 1232 3237; x_wconf 78' lang='lat' dir='ltr'>credidIsse3</span> <span class='ocrx_word' id='word_1_203' title='bbox 1267 3165 1322 3223; x_wconf 91' lang='lat' dir='ltr'>sed</span> <span class='ocrx_word' id='word_1_204' title='bbox 1347 3174 1380 3222; x_wconf 92' lang='lat' dir='ltr'>ut</span> <span class='ocrx_word' id='word_1_205' title='bbox 1407 3163 1440 3221; x_wconf 92' lang='lat' dir='ltr'>id</span> <span class='ocrx_word' id='word_1_206' title='bbox 1469 3163 1533 3221; x_wconf 86' lang='lat' dir='ltr'>lar-</span> 
     </span>
     <span class='ocr_line' id='line_1_22' title="bbox 194 3264 1532 3345; baseline -0.002 -21"><span class='ocrx_word' id='word_1_207' title='bbox 194 3266 325 3345; x_wconf 87' lang='lat' dir='ltr'>giamur,</span> <span class='ocrx_word' id='word_1_208' title='bbox 347 3265 427 3342; x_wconf 90' lang='lat' dir='ltr'>qnod</span> <span class='ocrx_word' id='word_1_209' title='bbox 449 3267 500 3325; x_wconf 78' lang='lat' dir='ltr'>via</span> <span class='ocrx_word' id='word_1_210' title='bbox 521 3275 551 3325; x_wconf 87' lang='lat' dir='ltr'>et</span> <span class='ocrx_word' id='word_1_211' title='bbox 573 3286 610 3326; x_wconf 84' lang='lat' dir='ltr'>nc</span> <span class='ocrx_word' id='word_1_212' title='bbox 632 3269 684 3326; x_wconf 83' lang='lat' dir='ltr'>vix</span> <span class='ocrx_word' id='word_1_213' title='bbox 707 3267 826 3343; x_wconf 88' lang='lat' dir='ltr'>quidem</span> <span class='ocrx_word' id='word_1_214' title='bbox 848 3269 931 3340; x_wconf 89' lang='lat' dir='ltr'>licet,</span> <span class='ocrx_word' id='word_1_215' title='bbox 959 3270 1001 3327; x_wconf 84' lang='lat' dir='ltr'>ita</span> <span class='ocrx_word' id='word_1_216' title='bbox 1021 3267 1159 3327; x_wconf 83' lang='lat' dir='ltr'>ducimur</span> <span class='ocrx_word' id='word_1_217' title='bbox 1180 3267 1218 3326; x_wconf 90' lang='lat' dir='ltr'>ad</span> <span class='ocrx_word' id='word_1_218' title='bbox 1240 3286 1350 3327; x_wconf 90' lang='lat' dir='ltr'>annum</span> <span class='ocrx_word' id='word_1_219' title='bbox 1372 3264 1454 3337; x_wconf 83' lang='lat'>200,</span> <span class='ocrx_word' id='word_1_220' title='bbox 1477 3265 1532 3341; x_wconf 91' lang='lat' dir='ltr'>qui</span> 
     </span>
     <span class='ocr_line' id='line_1_23' title="bbox 194 3365 1533 3445; baseline -0.002 -18"><span class='ocrx_word' id='word_1_221' title='bbox 194 3367 381 3427; x_wconf 80' lang='lat' dir='ltr'>tribnnIcIam</span> <span class='ocrx_word' id='word_1_222' title='bbox 405 3375 582 3444; x_wconf 89' lang='lat' dir='ltr'>potestatem</span> <span class='ocrx_word' id='word_1_223' title='bbox 598 3365 703 3428; x_wconf 82' lang='lat' dir='ltr'>Severi</span> <span class='ocrx_word' id='word_1_224' title='bbox 725 3369 850 3445; x_wconf 88' lang='lat' dir='ltr'>requirit</span> <span class='ocrx_word' id='word_1_225' title='bbox 871 3389 929 3428; x_wconf 92' lang='lat' dir='ltr'>non</span> <span class='ocrx_word' id='word_1_226' title='bbox 944 3369 1020 3440; x_wconf 90' lang='lat' dir='ltr'>XII,</span> <span class='ocrx_word' id='word_1_227' title='bbox 1043 3369 1096 3428; x_wconf 90' lang='lat' dir='ltr'>sed</span> <span class='ocrx_word' id='word_1_228' title='bbox 1111 3368 1200 3427; x_wconf 87' lang='lat' dir='ltr'>VIII.</span> <span class='ocrx_word' id='word_1_229' title='bbox 1236 3368 1312 3427; x_wconf 88' lang='lat' dir='ltr'>Eius</span> <span class='ocrx_word' id='word_1_230' title='bbox 1334 3367 1403 3425; x_wconf 90' lang='lat' dir='ltr'>loco</span> <span class='ocrx_word' id='word_1_231' title='bbox 1420 3383 1533 3425; x_wconf 88' lang='lat' dir='ltr'>rursus</span> 
     </span>
     <span class='ocr_line' id='line_1_24' title="bbox 193 3468 1533 3548; baseline -0.001 -20"><span class='ocrx_word' id='word_1_232' title='bbox 193 3468 253 3528; x_wconf 88' lang='lat' dir='ltr'>XII</span> <span class='ocrx_word' id='word_1_233' title='bbox 275 3469 405 3547; x_wconf 88' lang='lat' dir='ltr'>positum</span> <span class='ocrx_word' id='word_1_234' title='bbox 428 3487 496 3529; x_wconf 88' lang='lat' dir='ltr'>esse</span> <span class='ocrx_word' id='word_1_235' title='bbox 517 3477 640 3547; x_wconf 89' lang='lat' dir='ltr'>propter</span> <span class='ocrx_word' id='word_1_236' title='bbox 661 3489 816 3528; x_wconf 87' lang='lat' dir='ltr'>numerum</span> <span class='ocrx_word' id='word_1_237' title='bbox 839 3471 1085 3530; x_wconf 86' lang='lat' dir='ltr'>acclamationum</span> <span class='ocrx_word' id='word_1_238' title='bbox 1108 3491 1145 3529; x_wconf 89' lang='lat' dir='ltr'>ne</span> <span class='ocrx_word' id='word_1_239' title='bbox 1166 3473 1264 3548; x_wconf 87' lang='lat' dir='ltr'>ipsum</span> <span class='ocrx_word' id='word_1_240' title='bbox 1287 3469 1405 3546; x_wconf 87' lang='lat' dir='ltr'>quidem</span> <span class='ocrx_word' id='word_1_241' title='bbox 1423 3487 1533 3526; x_wconf 81' lang='lat' dir='ltr'>verum</span> 
     </span>
     <span class='ocr_line' id='line_1_25' title="bbox 194 3568 1532 3650; baseline -0.003 -21"><span class='ocrx_word' id='word_1_242' title='bbox 194 3569 276 3645; x_wconf 85' lang='lat' dir='ltr'>(nam</span> <span class='ocrx_word' id='word_1_243' title='bbox 300 3590 327 3630; x_wconf 85' lang='lat' dir='ltr'>n.</span> <span class='ocrx_word' id='word_1_244' title='bbox 344 3569 405 3628; x_wconf 88' lang='grc'><strong>900</strong></span> <span class='ocrx_word' id='word_1_245' title='bbox 427 3569 553 3631; x_wconf 78' lang='lat' dir='ltr'>Severus</span> <span class='ocrx_word' id='word_1_246' title='bbox 574 3572 632 3630; x_wconf 84' lang='lat' dir='ltr'>fuit</span> <span class='ocrx_word' id='word_1_247' title='bbox 652 3575 722 3648; x_wconf 90' lang='lat' dir='ltr'>imp.</span> <span class='ocrx_word' id='word_1_248' title='bbox 739 3572 800 3644; x_wconf 87' lang='lat' dir='ltr'>XI,</span> <span class='ocrx_word' id='word_1_249' title='bbox 825 3573 882 3631; x_wconf 85' lang='lat' dir='ltr'>etsi</span> <span class='ocrx_word' id='word_1_250' title='bbox 904 3591 993 3649; x_wconf 84' lang='lat' dir='ltr'>saepe</span> <span class='ocrx_word' id='word_1_251' title='bbox 1018 3591 1073 3650; x_wconf 91' lang='lat' dir='ltr'>pro</span> <span class='ocrx_word' id='word_1_252' title='bbox 1100 3593 1136 3631; x_wconf 87' lang='lat' dir='ltr'>eo</span> <span class='ocrx_word' id='word_1_253' title='bbox 1162 3591 1287 3630; x_wconf 89' lang='lat' dir='ltr'>numero</span> <span class='ocrx_word' id='word_1_254' title='bbox 1312 3571 1423 3648; x_wconf 90' lang='lat' dir='ltr'>legitur</span> <span class='ocrx_word' id='word_1_255' title='bbox 1445 3568 1532 3644; x_wconf 89' lang='lat' dir='ltr'>XII)</span> 
     </span>
     <span class='ocr_line' id='line_1_26' title="bbox 194 3671 1532 3750; baseline -0.001 -21"><span class='ocrx_word' id='word_1_256' title='bbox 194 3673 261 3749; x_wconf 89' lang='lat' dir='ltr'>quis</span> <span class='ocrx_word' id='word_1_257' title='bbox 277 3671 420 3732; x_wconf 86' lang='lat' dir='ltr'>Henzeno</span> <span class='ocrx_word' id='word_1_258' title='bbox 436 3672 554 3731; x_wconf 81' lang='lat' dir='ltr'>credet?</span> <span class='ocrx_word' id='word_1_259' title='bbox 588 3673 682 3732; x_wconf 90' lang='lat' dir='ltr'>Immo</span> <span class='ocrx_word' id='word_1_260' title='bbox 698 3692 780 3732; x_wconf 87' lang='lat' dir='ltr'>mera</span> <span class='ocrx_word' id='word_1_261' title='bbox 800 3692 988 3733; x_wconf 89' lang='lat' dir='ltr'>numerorum</span> <span class='ocrx_word' id='word_1_262' title='bbox 1011 3674 1196 3750; x_wconf 86' lang='lat' dir='ltr'>perturbatio</span> <span class='ocrx_word' id='word_1_263' title='bbox 1212 3675 1324 3744; x_wconf 88' lang='lat' dir='ltr'>subest,</span> <span class='ocrx_word' id='word_1_264' title='bbox 1347 3690 1401 3729; x_wconf 89' lang='lat' dir='ltr'>nec</span> <span class='ocrx_word' id='word_1_265' title='bbox 1417 3671 1532 3729; x_wconf 89' lang='lat' dir='ltr'>mirum</span> 
     </span>
     <span class='ocr_line' id='line_1_27' title="bbox 193 3771 1531 3853; baseline -0.002 -22"><span class='ocrx_word' id='word_1_266' title='bbox 193 3774 224 3831; x_wconf 90' lang='lat' dir='ltr'>in</span> <span class='ocrx_word' id='word_1_267' title='bbox 247 3773 299 3832; x_wconf 89' lang='lat' dir='ltr'>illo</span> <span class='ocrx_word' id='word_1_268' title='bbox 322 3774 431 3852; x_wconf 88' lang='lat' dir='ltr'>angulo</span> <span class='ocrx_word' id='word_1_269' title='bbox 453 3783 598 3832; x_wconf 88' lang='lat' dir='ltr'>terrarum</span> <span class='ocrx_word' id='word_1_270' title='bbox 622 3775 833 3851; x_wconf 82' lang='lat' dir='ltr'>imperatorum</span> <span class='ocrx_word' id='word_1_271' title='bbox 856 3776 957 3834; x_wconf 89' lang='lat' dir='ltr'>titulos</span> <span class='ocrx_word' id='word_1_272' title='bbox 979 3778 1133 3853; x_wconf 79' lang='lat' dir='ltr'>Ignoratos</span> <span class='ocrx_word' id='word_1_273' title='bbox 1156 3794 1223 3834; x_wconf 88' lang='lat' dir='ltr'>esse</span> <span class='ocrx_word' id='word_1_274' title='bbox 1248 3784 1279 3834; x_wconf 89' lang='lat' dir='ltr'>et</span> <span class='ocrx_word' id='word_1_275' title='bbox 1303 3771 1531 3852; x_wconf 85' lang='lat' dir='ltr'>pessumdatos.</span> 
     </span>
     <span class='ocr_line' id='line_1_28' title="bbox 196 3872 1530 3953; baseline -0.002 -20"><span class='ocrx_word' id='word_1_276' title='bbox 196 3907 233 3918; x_wconf 95' lang='lat'><em>-</em></span> <span class='ocrx_word' id='word_1_277' title='bbox 258 3873 393 3953; x_wconf 84' lang='lat' dir='ltr'>Legatus</span> <span class='ocrx_word' id='word_1_278' title='bbox 416 3877 587 3953; x_wconf 80' lang='lat' dir='ltr'>provincIae</span> <span class='ocrx_word' id='word_1_279' title='bbox 610 3877 686 3934; x_wconf 88' lang='lat' dir='ltr'>redit</span> <span class='ocrx_word' id='word_1_280' title='bbox 706 3878 736 3934; x_wconf 93' lang='lat' dir='ltr'>in</span> <span class='ocrx_word' id='word_1_281' title='bbox 753 3876 840 3933; x_wconf 89' lang='lat' dir='ltr'>titulo</span> <span class='ocrx_word' id='word_1_282' title='bbox 856 3876 1027 3935; x_wconf 90' lang='lat' dir='ltr'>Britannico</span> <span class='ocrx_word' id='word_1_283' title='bbox 1050 3878 1108 3935; x_wconf 83' lang='lat' dir='ltr'>vol.</span> <span class='ocrx_word' id='word_1_284' title='bbox 1122 3877 1191 3948; x_wconf 90' lang='lat' dir='ltr'>VII,</span> <span class='ocrx_word' id='word_1_285' title='bbox 1211 3877 1288 3934; x_wconf 87' lang='lat'>1003</span> <span class='ocrx_word' id='word_1_286' title='bbox 1311 3876 1348 3933; x_wconf 84' lang='lat' dir='ltr'>cf.</span> <span class='ocrx_word' id='word_1_287' title='bbox 1365 3873 1436 3932; x_wconf 89' lang='grc'><strong>969.</strong></span> <span class='ocrx_word' id='word_1_288' title='bbox 1455 3872 1530 3930; x_wconf 83' lang='grc'><strong>970.</strong></span> 
     </span>
     <span class='ocr_line' id='line_1_29' title="bbox 194 3973 1529 4055; baseline -0.002 -20"><span class='ocrx_word' id='word_1_289' title='bbox 194 3977 269 4049; x_wconf 80' lang='grc'><strong>613,</strong></span> <span class='ocrx_word' id='word_1_290' title='bbox 302 3978 353 4055; x_wconf 90' lang='lat' dir='ltr'>qui</span> <span class='ocrx_word' id='word_1_291' title='bbox 380 3998 447 4038; x_wconf 90' lang='lat' dir='ltr'>cum</span> <span class='ocrx_word' id='word_1_292' title='bbox 472 3979 589 4055; x_wconf 90' lang='lat' dir='ltr'>positus</span> <span class='ocrx_word' id='word_1_293' title='bbox 623 3987 684 4049; x_wconf 88' lang='lat' dir='ltr'>est,</span> <span class='ocrx_word' id='word_1_294' title='bbox 717 3975 844 4038; x_wconf 88' lang='lat' dir='ltr'>Senecio</span> <span class='ocrx_word' id='word_1_295' title='bbox 869 3976 987 4054; x_wconf 86' lang='lat' dir='ltr'>legatus</span> <span class='ocrx_word' id='word_1_296' title='bbox 1013 3978 1069 4036; x_wconf 84' lang='lat' dir='ltr'>luit</span> <span class='ocrx_word' id='word_1_297' title='bbox 1095 3978 1278 4036; x_wconf 87' lang='lat' dir='ltr'>Britanniae.</span> <span class='ocrx_word' id='word_1_298' title='bbox 1326 3975 1362 4032; x_wconf 94' lang='lat' dir='ltr'>Id</span> <span class='ocrx_word' id='word_1_299' title='bbox 1390 3973 1529 4032; x_wconf 86' lang='lat' dir='ltr'>officium</span> 
     </span>
     <span class='ocr_line' id='line_1_30' title="bbox 194 4077 1532 4155; baseline -0.004 -18"><span class='ocrx_word' id='word_1_300' title='bbox 194 4078 335 4138; x_wconf 87' lang='lat' dir='ltr'>Huebner</span> <span class='ocrx_word' id='word_1_301' title='bbox 361 4079 451 4155; x_wconf 88' lang='lat' dir='ltr'>(mus.</span> <span class='ocrx_word' id='word_1_302' title='bbox 478 4079 573 4138; x_wconf 82' lang='lat' dir='ltr'>Rhen.</span> <span class='ocrx_word' id='word_1_303' title='bbox 596 4077 634 4137; x_wconf 87' lang='grc'>19</span> <span class='ocrx_word' id='word_1_304' title='bbox 656 4097 684 4154; x_wconf 90' lang='lat' dir='ltr'>p.</span> <span class='ocrx_word' id='word_1_305' title='bbox 703 4079 740 4137; x_wconf 85' lang='grc'>67</span> <span class='ocrx_word' id='word_1_306' title='bbox 760 4079 798 4137; x_wconf 83' lang='lat' dir='ltr'>cl.</span> <span class='ocrx_word' id='word_1_307' title='bbox 822 4079 859 4137; x_wconf 81' lang='grc'><strong>14</strong></span> <span class='ocrx_word' id='word_1_308' title='bbox 886 4096 914 4154; x_wconf 90' lang='lat' dir='ltr'>p.</span> <span class='ocrx_word' id='word_1_309' title='bbox 931 4078 1006 4152; x_wconf 86' lang='grc'><strong>361)</strong></span> <span class='ocrx_word' id='word_1_310' title='bbox 1039 4096 1105 4135; x_wconf 88' lang='lat' dir='ltr'>eum</span> <span class='ocrx_word' id='word_1_311' title='bbox 1138 4079 1249 4137; x_wconf 87' lang='lat' dir='ltr'>iudicat</span> <span class='ocrx_word' id='word_1_312' title='bbox 1282 4077 1413 4136; x_wconf 87' lang='lat' dir='ltr'>tenuisse</span> <span class='ocrx_word' id='word_1_313' title='bbox 1447 4077 1532 4133; x_wconf 88' lang='lat' dir='ltr'>inter</span> 
     </span>
     <span class='ocr_line' id='line_1_31' title="bbox 193 4175 1529 4256; baseline -0.002 -19"><span class='ocrx_word' id='word_1_314' title='bbox 193 4197 221 4239; x_wconf 85' lang='lat' dir='ltr'>a.</span> <span class='ocrx_word' id='word_1_315' title='bbox 238 4178 297 4238; x_wconf 85' lang='grc'><strong>905</strong></span> <span class='ocrx_word' id='word_1_316' title='bbox 315 4191 345 4239; x_wconf 89' lang='lat' dir='ltr'>et</span> <span class='ocrx_word' id='word_1_317' title='bbox 360 4179 437 4252; x_wconf 74' lang='lat'>2083</span> <span class='ocrx_word' id='word_1_318' title='bbox 466 4180 521 4241; x_wconf 91' lang='lat' dir='ltr'>sed</span> <span class='ocrx_word' id='word_1_319' title='bbox 543 4180 686 4256; x_wconf 87' lang='lat' dir='ltr'>temporis</span> <span class='ocrx_word' id='word_1_320' title='bbox 708 4179 915 4239; x_wconf 84' lang='lat' dir='ltr'>determInatio</span> <span class='ocrx_word' id='word_1_321' title='bbox 938 4179 967 4236; x_wconf 92' lang='lat' dir='ltr'>in</span> <span class='ocrx_word' id='word_1_322' title='bbox 994 4178 1117 4237; x_wconf 90' lang='lat' dir='ltr'>dubium</span> <span class='ocrx_word' id='word_1_323' title='bbox 1140 4180 1239 4238; x_wconf 86' lang='lat' dir='ltr'>vocari</span> <span class='ocrx_word' id='word_1_324' title='bbox 1262 4187 1371 4256; x_wconf 88' lang='lat' dir='ltr'>potest.</span> <span class='ocrx_word' id='word_1_325' title='bbox 1414 4175 1529 4252; x_wconf 83' lang='lat' dir='ltr'>Legati</span> 
     </span>
     <span class='ocr_line' id='line_1_32' title="bbox 191 4277 1402 4357; baseline -0.002 -18"><span class='ocrx_word' id='word_1_326' title='bbox 191 4280 318 4357; x_wconf 79' lang='lat' dir='ltr'>legionis</span> <span class='ocrx_word' id='word_1_327' title='bbox 340 4300 459 4343; x_wconf 88' lang='lat' dir='ltr'>cursum</span> <span class='ocrx_word' id='word_1_328' title='bbox 482 4283 626 4342; x_wconf 85' lang='lat' dir='ltr'>honorum</span> <span class='ocrx_word' id='word_1_329' title='bbox 651 4281 858 4342; x_wconf 81' lang='lat' dir='ltr'>subminIstrat</span> <span class='ocrx_word' id='word_1_330' title='bbox 880 4280 983 4340; x_wconf 90' lang='lat' dir='ltr'>titulus</span> <span class='ocrx_word' id='word_1_331' title='bbox 1004 4279 1137 4340; x_wconf 87' lang='lat' dir='ltr'>Dacicus</span> <span class='ocrx_word' id='word_1_332' title='bbox 1162 4281 1219 4339; x_wconf 81' lang='lat' dir='ltr'>vol.</span> <span class='ocrx_word' id='word_1_333' title='bbox 1237 4280 1295 4353; x_wconf 90' lang='lat' dir='ltr'>III,</span> <span class='ocrx_word' id='word_1_334' title='bbox 1314 4277 1402 4338; x_wconf 78' lang='grc'><strong>1178.</strong></span> 
     </span>
    </p>
   </div>
   <div class='ocr_carea' id='block_1_8' title="bbox 0 0 1734 5828">
    <p class='ocr_par' dir='ltr' id='par_1_8' title="bbox 0 0 1734 5828">
     <span class='ocr_line' id='line_1_33' title="bbox 0 0 1734 5828; baseline 0 0"><span class='ocrx_word' id='word_1_335' title='bbox 0 0 1734 5828; x_wconf 95' lang='lat' dir='ltr'> </span> 
     </span>
    </p>
   </div>
  </div>
 </body>
</html>
