3450 5828
343 1682 862 1798 essentialitates
901 1668 1378 1799 EPIGRAPHICAE.

362 2109 518 2167 XXXIX.
562 2107 774 2169 PRINCEPS
798 2106 959 2168 OFFICII
980 2106 1124 2169 AGENS
1147 2108 1193 2169 IN
1216 2108 1358 2170 REBVS.

237 2284 364 2342 lacobus
387 2282 599 2353 Gothofredns,
622 2285 673 2358 qui
693 2283 820 2341 labentis
843 2283 885 2340 rei
908 2283 1043 2360 publicae
1065 2283 1220 2343 Romanae
1241 2285 1377 2343 notitiam
1398 2284 1440 2342 ita
1461 2283 1528 2341 lun·

197 2385 303 2466 davit,
322 2393 353 2442 ut
375 2386 460 2443 nobis
483 2387 620 2444 omnibus
644 2386 741 2444 adhuc
768 2387 807 2443 sit
834 2403 968 2444 summus
992 2386 1148 2464 magister,
1177 2404 1254 2461 quae
1280 2386 1317 2443 de
1343 2385 1527 2462 principibus

196 2487 363 2546 officiorum
385 2489 525 2563 exposuit
536 2488 564 2564 ¹)
587 2489 624 2546 ab
643 2507 678 2546 eo
693 2488 762 2545 inde
779 2497 911 2564 tempore
928 2498 961 2546 ut
975 2487 1036 2545 alia
1051 2488 1193 2565 pleraque
1208 2489 1238 2546 in
1254 2487 1428 2547 enchiridiis
1443 2505 1528 2564 repe-

195 2596 307 2647 tuntur.
352 2587 412 2647 Sed
435 2590 482 2647 rel
504 2590 616 2666 optimo
639 2591 712 2648 duce
734 2589 895 2665 adsumpto
917 2590 1031 2666 passim
1055 2591 1149 2649 errari
1169 2590 1227 2648 hoc
1248 2608 1367 2666 quoque
1389 2589 1528 2665 exemplo

197 2692 402 2764 confirmatur,
431 2710 526 2767 neque
549 2709 596 2749 res
619 2693 741 2767 indigna
767 2700 814 2750 est
841 2711 918 2768 quae
944 2691 1115 2767 diligentius
1142 2692 1363 2762 consideratum
1392 2689 1422 2748 id
1448 2691 1528 2750 enim

197 2794 277 2869 quod
300 2793 507 2851 difficillimum
531 2794 587 2851 suit
608 2795 682 2851 tanti
703 2793 820 2868 imperii
843 2793 1130 2852 administrationem
1152 2795 1190 2851 ab
1213 2813 1273 2852 una
1294 2793 1366 2852 sede
1385 2792 1529 2851 contineri

197 2905 227 2954 et
248 2897 320 2971 regi,
343 2897 407 2953 eius
431 2897 472 2954 rei
496 2913 554 2954 non
577 2895 701 2953 minima
721 2913 791 2970 pars
813 2895 869 2953 fuit
890 2895 1058 2972 principum
1080 2896 1248 2954 institutum
1270 2896 1341 2954 licet
1363 2895 1399 2953 ad
1416 2894 1528 2952 officia·

196 2997 240 3055 les
264 2998 346 3056 solos
369 2997 531 3073 pertinens.
568 2996 646 3054 Nam
670 2998 748 3072 quod
771 3016 849 3055 nunc
872 3015 943 3056 usus
966 2998 1098 3056 ostendit
1119 2999 1208 3057 rebus
1231 2998 1369 3074 gerendis
1384 3016 1445 3055 non
1459 3014 1528 3053 raro

197 3100 293 3176 magis
317 3116 457 3176 praeesse
480 3100 530 3174 qui
553 3100 774 3174 magistratibus
802 3118 906 3174 parere
932 3099 1069 3158 dicuntur
1097 3118 1187 3175 quam
1214 3100 1297 3177 ipsos
1325 3098 1528 3176 magistratus,

197 3202 228 3260 id
250 3202 327 3279 apud
351 3201 504 3259 Romanos
527 3219 647 3277 quoque
669 3201 811 3272 obtinuit3
834 3201 911 3258 inter
932 3201 1079 3260 officiales
1102 3212 1201 3260 autem
1223 3202 1312 3278 longe
1334 3201 1462 3276 primum
1484 3200 1529 3258 lo-

199 3322 265 3361 cum
287 3304 438 3380 principes
461 3303 629 3362 officiorum
652 3312 817 3362 tenuerunt.

240 3405 468 3464 administratio
491 3405 610 3480 imperii
635 3405 827 3464 Diocletiana
849 3425 914 3463 eum
942 3407 972 3462 iu
999 3405 1067 3464 aliis
1094 3405 1288 3481 aequabiliter
1313 3406 1452 3465 instituta
1475 3405 1531 3464 suit

197 3517 227 3564 et
253 3507 291 3564 ad
319 3507 443 3566 eandem
470 3508 596 3565 formam
625 3517 744 3578 exacta,
774 3518 835 3565 tum
864 3508 1041 3583 quicumque
1068 3507 1232 3566 secundum
1260 3526 1325 3566 eam
1353 3517 1404 3566 aut
1430 3506 1532 3565 civilia

197 3609 315 3685 negotia
339 3609 564 3679 administrant,
594 3609 654 3667 sive
676 3627 729 3684 per
751 3619 851 3685 partes
874 3610 1005 3684 imperii,
1030 3609 1145 3667 scilicet
1166 3609 1309 3684 praefecti
1331 3608 1479 3687 praetorio
1502 3618 1532 3665 et

197 3711 314 3768 urbium
337 3710 459 3768 duarum
483 3711 647 3786 regiarum,
674 3711 738 3768 sive
760 3730 813 3785 per
834 3710 999 3781 dioeceses,
1023 3711 1140 3769 scilicet
1161 3711 1280 3780 vicarii,
1304 3712 1366 3768 sive
1389 3729 1442 3785 per
1463 3729 1531 3785 pro-

198 3812 327 3882 vincias,
355 3812 467 3870 scilicet
495 3812 691 3886 proconsules
719 3812 948 3888 praesidesque,
977 3823 1030 3870 aut
1055 3819 1197 3888 praesunt
1222 3812 1311 3870 rebus
1340 3811 1530 3881 militaribus,

199 3914 312 3972 scilicet
333 3933 387 3988 per
409 3914 517 3991 gradus
540 3915 673 3989 magistri
698 3914 838 3984 militum,
866 3915 1003 3984 comites,
1032 3914 1138 3984 duces,
1166 3914 1223 3971 hoc
1246 3931 1401 3971 commune
1423 3911 1532 3970 habent

200 4017 340 4086 universi,
364 4025 395 4073 ut
418 4016 545 4093 singulis
569 4016 791 4092 magistratibus
813 4018 864 4091 qui
887 4015 1068 4074 attribuntur
1090 4015 1237 4073 officiales
1260 4022 1399 4090 regantur
1419 4015 1531 4089 aprin-

198 4119 264 4193 cipe
298 4115 406 4192 unol).
452 4116 566 4176 Contra
588 4119 769 4193 reIIquorum
797 4119 1025 4194 magistratuum
1055 4116 1165 4188 officia,
1192 4117 1329 4193 magistri
1355 4116 1531 4187 officiorum,

198 4220 339 4279 comitum
363 4237 515 4277 sacrarum
539 4220 731 4297 largitionum
754 4229 784 4278 et
801 4240 897 4278 rerum
913 4221 1108 4296 privatarum,
1132 4219 1274 4278 comitum
1290 4218 1533 4289 domesticorum,

136 4369 139 4373 J
198 4323 363 4399 principem
386 4339 446 4378 non
469 4321 586 4379 habent.
631 4322 777 4399 Princeps
800 4321 849 4380 ille
871 4322 949 4380 unde
973 4322 1072 4380 veniat
1093 4329 1122 4380 et
1143 4342 1162 4380 a
1189 4339 1248 4397 quo
1283 4320 1480 4379 constituatur
1506 4320 1533 4377 si

181 4425 330 4500 quaeris,
354 4421 423 4497 quid
447 4423 483 4480 de
504 4443 540 4481 ea
560 4444 592 4481 re
614 4423 818 4498 disposuerint
833 4424 1041 4482 Diocletianus
1064 4425 1174 4499 quique
1196 4443 1264 4481 eum
1282 4422 1419 4500 proxime
1439 4423 1534 4482 secuti

199 4537 277 4596 sunt,
300 4527 489 4601 ignoramus,
514 4526 571 4582 nisi
593 4525 672 4600 quod
696 4526 865 4600 praesidum
889 4527 968 4601 parti
990 4525 1152 4602 principem
1174 4525 1297 4584 missum
1319 4543 1387 4584 esse
1409 4544 1428 4582 a
1448 4543 1533 4602 prae-

199 4628 277 4686 fecto
310 4627 391 4685 urbis
411 4625 525 4684 Romae
559 4638 588 4684 et
621 4631 785 4703 imperante
816 4625 1015 4685 Constantino
1049 4637 1212 4712 etlrursua
1245 4629 1300 4686 sub
1323 4625 1533 4686 Valentiniano

261 4866 282 4927 ¹)
303 4868 455 4919 Praesertim
476 4872 509 4919 ad
530 4870 558 4919 C.
574 4870 623 4920 Th.
644 4872 669 4931 8,
688 4871 714 4931 4,
736 4872 777 4919 10.
825 4871 890 4919 Eum
917 4875 1055 4934 sequnntur
1080 4876 1105 4920 et
1130 4870 1172 4919 alii
1198 4877 1224 4919 et
1246 4868 1535 4933 Bethmann-llollweg

203 4956 371 5025 Cita'lprocess
391 4962 492 5023 3,143.

259 5049 282 5112 ²)
303 5053 375 5102 llere
395 5055 487 5102 calami
506 5069 589 5102 errore
609 5055 730 5117 magistro
750 5056 861 5106 rnilitum
881 5071 925 5120 per
945 5055 1075 5107 Orientem
1094 5054 1166 5106 alteri
1185 5053 1297 5107 adscribi
1319 5053 1447 5120 principes
1468 5051 1535 5102 duos

198 5144 260 5197 Not.
276 5143 320 5195 Or.
336 5146 360 5208 6,
376 5147 409 5194 72
430 5152 503 5196 extra
522 5145 627 5196 dubium
647 5155 691 5196 est.
