3450 5828
561 541 1166 599 onsnnvurronussmcnnrmcns.
1468 526 1537 597 147

195 719 297 796 prium
323 718 399 792 sibi,
431 717 465 777 id
496 738 574 796 quas
605 719 636 778 in
663 718 758 776 titulis
780 719 958 778 observetur
979 726 1170 777 evocatorum
1201 717 1239 775 ad
1265 718 1405 777 cohortes
1432 717 1538 776 relatio

196 819 371 893 confirmet,
404 819 496 880 modo
528 821 671 879 universa
703 820 874 879 testimonia
903 821 1062 879 coniuncta
1093 828 1173 878 recte
1199 819 1366 896 expendas,
1400 820 1430 877 id
1459 818 1538 894 quod

196 939 261 981 uon
283 921 358 982 iecit
384 918 567 982 Schmidtius
594 921 639 998 (p.
662 921 746 997 347).
790 918 912 981 Scilicet
937 921 1016 980 inter
1041 921 1143 980 titulos
1169 928 1376 992 evocatorum,
1410 938 1537 996 quorum

197 1022 274 1083 mihi
298 1033 421 1101 praesto
445 1030 516 1083 suot
537 1032 656 1083 centum
677 1022 741 1082 l'ere
768 1031 798 1081 et
819 1022 1050 1100 quinquaginta,
1076 1023 1166 1099 longe
1192 1023 1325 1098 plerique
1351 1031 1403 1082 aut
1423 1021 1538 1080 evocati

197 1142 311 1183 nomeu
330 1124 432 1184 sulum
454 1135 570 1202 pomum
589 1132 652 1196 eut,
674 1124 724 1183 ubi
746 1134 778 1183 et
797 1126 1002 1184 evocationem
1018 1133 1048 1182 et
1062 1125 1216 1183 cohortem
1231 1124 1395 1196 enuntiant,
1418 1140 1470 1181 eas
1493 1140 1538 1182 se·

198 1234 312 1301 perant
332 1225 423 1285 modo
444 1226 484 1284 ad
506 1225 564 1286 boe
584 1225 771 1303 exemplum:
794 1226 927 1285 militavit
948 1227 1059 1285 cohorte
1080 1226 1135 1284 illa
1150 1244 1240 1284 ornos
1262 1235 1311 1296 tot,
1335 1236 1463 1285 evocatus
1478 1229 1540 1300 suit

198 1344 295 1386 arnor
316 1322 405 1403 tot¹),
427 1327 517 1387 modo
539 1336 570 1386 et
590 1328 679 1386 etiam
701 1327 889 1402 frequentius
904 1327 942 1386 ad
957 1328 1031 1387 hoc:
1055 1338 1195 1398 moestas,
1216 1328 1296 1386 miles
1312 1328 1433 1385 cohortis
1448 1327 1537 1384 illius.

197 1426 372 1504 Utrumque
392 1428 443 1487 ubi
468 1429 616 1506 iungitur,
643 1429 801 1505 aliquoties
829 1430 917 1488 simul
946 1430 1134 1506 significatur
1160 1429 1294 1487 militiam
1323 1429 1536 1504 praecessisse,

197 1529 409 1590 cruentiorem
436 1539 570 1590 secutam
596 1529 715 1605 esse²);
748 1532 881 1590 cohortis
907 1541 1004 1590 autem
1034 1530 1209 1590 vocabulum
1236 1532 1373 1606 genetivo
1400 1548 1472 1589 casu
1499 1530 1537 1587 ad

199 1640 362 1690 evocatum
383 1631 579 1709 adiungentes
600 1632 706 1690 titulos
728 1633 778 1708 qui
801 1633 943 1708 expendit
964 1651 1086 1691 numero
1102 1649 1213 1709 paucos
1229 1640 1259 1690 et
1273 1633 1400 1690 labentis
1416 1632 1536 1707 linguae

197 1750 323 1804 omnes,
348 1750 410 1792 nou
430 1731 581 1793 dubitabit
602 1734 640 1792 ad
663 1734 789 1793 abusum
812 1733 971 1808 relerrel).
1020 1734 1124 1810 Itaque
1146 1734 1216 1791 hinc
1237 1751 1354 1809 quoque
1377 1732 1537 1803 stabilitur,

198 1833 282 1911 quod
304 1852 399 1912 supra
418 1835 585 1912 posuimus,
607 1843 765 1895 evocatum
787 1854 846 1894 non
867 1836 898 1893 in
921 1837 1043 1894 cohorte
1066 1835 1219 1907 meruisse,
1243 1835 1295 1893 sed
1317 1845 1403 1894 extra
1424 1854 1489 1893 eam
1505 1838 1536 1892 in

199 1952 329 2013 corpore
351 1944 503 2013 separato.

245 2034 318 2110 Quo
338 2056 463 2096 numero
484 2038 600 2097 evocati
622 2038 743 2112 luerint,
766 2037 826 2098 Dio
849 2039 914 2114 (55,
931 2039 984 2115 24)
1006 2039 1047 2097 ait
1068 2037 1184 2098 nescire
1205 2057 1247 2111 se,
1272 2058 1367 2115 neque
1389 2056 1444 2097 nos
1467 2050 1552 2097 con-¹

198 2138 320 2197 iectura
339 2157 408 2198 eum
429 2139 556 2216 adsequi
578 2140 744 2216 potuimus;
766 2160 835 2199 nam
851 2160 890 2199 ex
905 2159 998 2217 supra
1017 2142 1125 2216 positis
1143 2141 1200 2200 etsi
1219 2140 1398 2216 intellegitur
1413 2159 1450 2198 ex
1466 2142 1536 2199 mis·

200 2240 287 2299 siciis
308 2240 517 2317 praetorianis,
538 2260 616 2317 quos
639 2242 723 2301 solos
745 2242 806 2301 iere
828 2242 857 2300 in
879 2251 1050 2319 computum
1065 2243 1165 2301 venire
1180 2242 1303 2301 dubium
1326 2261 1386 2299 non
1407 2249 1460 2314 est,
1484 2242 1536 2299 de-

200 2340 314 2400 cimum
335 2342 455 2401 tertium
478 2360 625 2419 quemque
647 2350 803 2402 evocatum
824 2344 934 2402 iactum
956 2362 1032 2415 esse,
1055 2363 1114 2402 non
1137 2343 1236 2402 solum
1257 2344 1439 2419 ignoramus,
1462 2353 1536 2418 quot

200 2442 341 2501 homines
362 2460 402 2502 ex
423 2461 549 2519 corpore
569 2444 624 2503 illo
646 2446 685 2504 sd
708 2445 881 2503 missionem
903 2446 1059 2519 pervenire
1081 2445 1161 2503 soliti
1184 2447 1257 2517 sint,
1287 2444 1339 2503 sed
1361 2445 1534 2520 ignoremus

199 2544 274 2603 item
294 2542 342 2613 id,
367 2562 387 2602 a
407 2562 469 2621 quo
491 2554 625 2604 totores
645 2546 768 2622 pendet,
794 2565 849 2622 per
869 2553 944 2622 quot
965 2547 1027 2605 iere
1050 2564 1145 2605 annos
1168 2547 1283 2605 evocati
1304 2547 1334 2603 in
1358 2565 1414 2605 sua
1435 2548 1535 2605 condi-

200 2645 289 2705 tioue
311 2646 484 2704 manserint.
523 2645 595 2706 Non
616 2647 660 2704 ita
680 2664 792 2724 paucos
815 2647 909 2706 luisse
932 2648 1038 2706 suadet
1060 2649 1213 2706 titulorum
1236 2648 1394 2707 multitudo
1416 2668 1535 2727 compa·

199 2756 272 2805 ram
291 2746 425 2822 exempli
446 2747 543 2824 matie
559 2767 626 2807 cum
639 2749 716 2807 raris
731 2748 826 2807 titulis
842 2749 967 2807 duarum
983 2750 1182 2808 centuriarum
1199 2758 1342 2806 staturum
1349 2772 1357 2821 ;
1381 2751 1432 2808 sed
1450 2753 1536 2828 copia

200 2846 259 2906 illa
276 2864 385 2907 runos
405 2866 464 2907 non
486 2868 525 2908 ex
545 2867 670 2908 numero
696 2850 761 2908 solo
790 2851 914 2926 pendet,
943 2851 995 2908 sed
1022 2870 1061 2909 ex
1088 2851 1255 2909 officiorum
1282 2868 1389 2927 genere
1415 2870 1536 2929 qnoque

200 2958 235 3008 et
254 2948 481 3009 condicionibus
502 2951 592 3010 ritae.

243 3050 397 3111 Evocatus
423 3052 561 3129 paruisse
586 3053 746 3131 praefectis
771 3055 923 3130 praetorio
949 3054 1017 3112 inde
1046 3054 1235 3130 potissimum
1263 3054 1426 3131 colligitur,
1455 3057 1536 3132 quod

202 3152 326 3231 quidam
346 3170 449 3212 eorum
471 3152 553 3228 iique
575 3153 784 3215 honoratiores
805 3156 981 3214 adscribunt
1007 3156 1086 3232 apud
1112 3157 1278 3231 praefectos
1300 3173 1351 3214 eos
1375 3174 1407 3214 se
1428 3158 1536 3216 milita-

202 3254 342 3331 rium),
368 3264 400 3315 et
419 3271 522 3314 eorum
544 3272 678 3332 quoque,
705 3257 756 3332 qni
783 3258 914 3317 officium
942 3277 1003 3316 non
1029 3258 1196 3330 enuntiant,
1224 3258 1340 3332 aliquot
1365 3258 1449 3316 aiunt
1475 3279 1535 3318 me·

261 3454 287 3520 ¹)
306 3456 339 3508 G.
352 3458 407 3519 VI,
428 3458 508 3508 2440.
529 3458 609 3509 2590.
630 3460 701 3510 2725
720 3466 768 3510 cet.
814 3461 887 3510 Heec
905 3460 1036 3510 sollemnis
1056 3467 1082 3509 et
1100 3461 1213 3524 optimae
1232 3461 1323 3510 aetatis
1341 3461 1454 3511 formula
1479 3463 1536 3511 sola

202 3548 298 3600 refluit
316 3547 352 3597 ed
370 3548 542 3599 deficiendum
558 3549 645 3600 locum
665 3552 776 3614 evoceti3
802 3564 863 3602 nam
883 3560 1002 3602 evocatus
1022 3552 1043 3601 si
1062 3552 1090 3601 in
1110 3551 1215 3602 cohorte
1233 3553 1381 3614 mansisset,
1402 3554 1439 3602 ite
1458 3552 1535 3603 scribi

202 3654 255 3693 nou
272 3639 375 3691 debuit

258 3728 286 3793 ¹)
304 3727 458 3793 Euodutue)
482 3730 595 3798 Augus&
614 3731 788 3796 sudor-iorum)
807 3731 847 3785 VI
932 3735 1044 3801 profecit
1062 3749 1093 3785 ec
1111 3733 1165 3785 colu.
1180 3732 1205 3785 V
1222 3752 1264 3802 pr.
1316 3735 1424 3796 (Romae
1445 3737 1474 3786 C.
1488 3737 1534 3797 Vl,

203 3822 295 3885 2599).
317 3848 352 3861 -
380 3819 556 3887 [Emensus
575 3838 607 3874 ee:
624 3821 810 3890 ep[c]eluto[re]
830 3841 885 3892 eqq.
901 3833 984 3892 praet.
1030 3824 1153 3891 (Aquinci
1173 3828 1240 3891 Eph.
1260 3842 1300 3891 ep.
1314 3826 1342 3876 11
1361 3843 1387 3876 n.
1403 3826 1475 3888 618).
1500 3853 1534 3862 -

150 3898 153 3973 ἶ
202 3915 303 3968 anthr
322 3920 370 3977 est,
390 3914 437 3965 sed
454 3914 618 3980 perturbatus
630 3915 678 3976 VI,
697 3917 777 3978 3419,
797 3919 839 3967 cui
857 3919 952 3968 nollem
966 3917 1123 3970 Schmidtius
1142 3917 1177 3982 (p.
1189 3917 1253 3978 347)
1272 3925 1372 3967 tantum
1392 3919 1535 3968 tribuisset:

201 4006 266 4057 Ar.
278 4004 403 4057 latim
417 4004 558 4069 mantin)
577 4021 609 4056 ex
627 4003 857 4072 b(e)n(e)f(t'ct‘ura'o)
876 4007 1050 4069 salurior(um)
1067 4005 1153 4059 VIIII
1168 4007 1237 4059 chor.
1251 4007 1301 4058 Ill
1312 4044 1318 4057 .
1329 4044 1354 4058 ..
1369 4016 1422 4058 nut.
1435 4007 1535 4069 Derim·

150 4100 152 4107 '
200 4096 285 4151 bom
303 4098 445 4163 ilungaros
462 4096 575 4149 scribere
594 4098 705 4149 debebat
727 4107 845 4150 euocatus
867 4100 1021 4150 salariorum
1038 4096 1124 4149 VIIII
1140 4116 1171 4150 ee
1190 4099 1348 4167 beneficiario
1367 4099 1478 4150 cohortis
1490 4100 1540 4151 ΙΙΙ

198 4189 357 4257 putoria.
385 4214 419 4225 -
443 4185 574 4240 Evocatus
591 4189 659 4257 Aug.
679 4205 711 4240 err
726 4191 878 4258 praetumio)
898 4192 1038 4254 (Trallibus
1058 4191 1114 4253 111,
1134 4190 1213 4253 446);
1239 4191 1310 4241 eook.
1329 4207 1360 4241 er
1378 4190 1432 4241 cod.
1447 4191 1481 4242 11
1490 4210 1535 4259 pr.

198 4296 264 4349 μ.
285 4279 400 4343 (Bonus
411 4280 462 4343 vl,
481 4280 577 4343 2492);
597 4296 665 4332 enoc.
676 4280 744 4348 Aug.
765 4298 795 4333 ex
813 4281 867 4333 coh.
881 4281 946 4333 1111
961 4299 1003 4350 pr.
1024 4282 1134 4345 (Romae
1151 4282 1230 4334 Orell.
1246 4283 1340 4345 6775);
1360 4289 1434 4333 ceter.
1448 4283 1536 4334 evolsa

200 4386 233 4425 a
245 4370 281 4425 el.
295 4386 345 4441 pr.
362 4368 430 4423 ue.
454 4371 562 4433 (Miseni
579 4373 621 4437 X,
642 4372 734 4435 3417).
776 4373 818 4424 De
837 4390 885 4425 usn
903 4374 1101 4441 praepositionis
1120 4374 1178 4424 vide
1197 4388 1263 4439 quae
1282 4389 1360 4438 supra
1378 4390 1402 4438 p.
1419 4376 1469 4425 128
1490 4375 1536 4425 ob-

200 4464 373 4517 mmor.

257 4552 285 4617 θ)
303 4552 380 4616 Quos
397 4554 485 4606 iuveni
503 4555 531 4605 bi
550 4562 621 4607 sunt:
645 4558 739 4607 urbani
758 4559 870 4623 quinque
889 4558 937 4621 VI,
959 4559 1030 4608 2495
1050 4557 1124 4620 (ech,
1144 4565 1196 4608 out.
1216 4557 1323 4621 Dacus).
1346 4559 1416 4610 2526
1438 4557 1535 4625 (pret).

199 4646 275 4699 2926
292 4642 362 4707 (ebo.
382 4640 440 4696 Vll
451 4661 507 4713 pre.
524 4662 553 4714 p.
577 4646 621 4708 m).
642 4647 715 4699 2870
739 4649 910 4711 (Christiani).
951 4650 1018 4714 Eph.
1032 4650 1071 4701 lv
1089 4666 1116 4700 n.
1131 4650 1182 4702 921
1203 4649 1269 4715 (cols.
1284 4649 1349 4701 IIII
1365 4666 1422 4717 pre.
1438 4666 1467 4716 p.
1486 4650 1535 4712 v.);

196 4736 385 4791 mnino·
401 4738 443 4800 X,
469 4738 521 4789 11⁶
547 4737 676 4801 (mcum
698 4741 777 4791 cortis
801 4743 872 4792 tertie
891 4741 1028 4807 prelorum
1055 4742 1220 4806 Tergestinus
1234 4744 1267 4803 V,
1289 4743 1341 4792 54³
1369 4740 1448 4803 (eoois.
1468 4741 1535 4807 Aug.

199 4844 227 4881 ι.
249 4826 307 4883 coh
328 4824 417 4881 71111
435 4836 520 4897 prud.
544 4845 572 4897 p.
590 4846 615 4882 o.
641 4828 786 4894 Severius,
816 4834 926 4897 scriptus
954 4834 1030 4897 igitur
1053 4834 1099 4883 suh
1125 4832 1299 4896 Alexandro);
1329 4833 1536 4898 Collipponeusis

199 4921 265 4975 -i
283 4918 339 4973 1⁶⁷
357 4920 438 4989 (Epir.
457 4922 526 4987 epi
545 4938 571 4988 p.
585 4923 620 4974 44
639 4939 665 4974 u.
682 4924 753 4986 199).
791 4924 898 4976 Praeter
917 4925 1032 4974 ultimum
1052 4926 1079 4974 iu
1098 4927 1233 4990 provincia
1254 4926 1395 4991 longinque
1413 4926 1535 4990 scriptum

198 5012 297 5065 unii
316 5013 388 5065 tertii
408 5028 499 5065 omues
516 5020 577 5065 suut
594 5020 621 5065 et
637 5014 798 5067 soloecimir
816 5016 957 5067 abundant.

150 5084 160 5183 ’ζ
257 5102 286 5167 ⁴)
302 5104 374 5159 &tlt
389 5104 419 5157 lu
436 5112 557 5158 eum
567 5104 680 5175 Atqui
694 5122 714 5159 a
730 5106 919 5177 pastionibus
931 5105 1116 5176 possederunt
1127 5111 1261 5176 praetorio
1282 5117 1307 5160 et
1325 5114 1442 5159 crocatm
1458 5108 1534 5157 maio-

192 5193 301 5249 rt'm’u
315 5196 503 5265 mm
514 5198 660 5269 Μή,
780 5198 825 5255 1-1
841 5200 911 5253 lnirt
929 5200 1027 5252 niumm
1045 5209 1096 5264 est3
1116 5201 1193 5266 plene
1212 5209 1295 5254 certus
1314 5209 1405 5252 neuter
1423 5207 1468 5250 cst.

1273 5309 1328 5368 10*
