3450 5828
532 502 1136 557 oasnnvamonusnercanrnrcsn
1430 491 1501 561 135

155 671 378 735 Constantinus
409 674 555 744 abolevit,
586 686 688 751 aperte
710 676 858 747 iecerunt,
892 679 1030 752 qnoniam
1059 680 1259 754 praetorianis
1288 699 1390 740 carere
1415 691 1500 759 pote·

155 786 229 835 rsut
247 788 373 854 propter
398 783 600 852 protectorem
622 796 689 836 nam
713 779 777 853 pari
801 778 868 836 loco
892 779 1007 853 utrique
1029 790 1099 838 sunt
1120 799 1179 839 non
1201 782 1296 839 solum
1317 785 1497 856 eonomine,

154 878 239 954 qnod
252 878 391 955 corporis
407 877 552 936 custodia
573 878 715 955 principis
738 890 798 937 tam
821 879 1018 953 praetorianis
1034 881 1221 940 incumbebat
1243 901 1331 957 quam
1348 894 1496 961 protecto·

154 979 251 1050 ribus,
272 978 326 1037 sed
348 979 418 1037 item
441 988 566 1055 proptor
588 978 712 1054 originis
735 981 902 1056 paritatem.
944 979 1065 1040 Scilicet
1085 1002 1152 1041 curn
1174 1004 1192 1041 a
1215 980 1327 1043 Severo
1349 986 1418 1045 iude
1439 987 1495 1044 nsi·

153 1081 227 1140 lites
247 1080 318 1139 lecti
339 1100 377 1139 ex
401 1079 567 1157 legionibus
588 1080 618 1137 in
641 1082 821 1155 praetorium
842 1083 1081 1153 transferrentur,
1104 1085 1133 1142 id
1151 1086 1246 1161 ipsum
1262 1086 1291 1143 in
1306 1095 1493 1163 protectores

154 1200 278 1259 quoqne
298 1181 386 1241 cadit.
424 1181 529 1257 ltaque
551 1182 627 1239 inter
649 1182 751 1240 titulos
772 1185 1029 1257 praetorianorum
1044 1202 1121 1258 quos
1136 1186 1282 1245 habemus
1298 1188 1348 1263 qui
1364 1187 1495 1248 fortasse

151 1284 381 1344 recentissimus
401 1294 451 1342 est
471 1280 506 1341 (l.
518 1281 574 1355 VI,
592 1282 672 1342 2159
695 1284 796 1342 militis
818 1285 972 1343 cuiusdam
996 1290 1067 1343 corti
1082 1286 1117 1343 X
1131 1292 1266 1361 pretmic,
1292 1294 1342 1364 qai
1362 1291 1494 1350 militabit

154 1386 268 1461 legions
288 1384 423 1445 Masicen
443 1383 506 1459 (XI
527 1381 689 1458 Claudiai)
711 1385 824 1459 ann(i)s
844 1385 877 1454 l',
903 1390 975 1442 inter
997 1386 1151 1446 lanciarioa
1172 1393 1256 1446 annia
1278 1389 1343 1460 XI,
1369 1395 1399 1448 ia
1421 1411 1490 1466 pre·

151 1491 230 1545 toria
251 1485 363 1562 nnn[ie]
389 1526 442 1554 ...,
468 1503 535 1543 eum
557 1503 616 1542 non
638 1485 812 1543 mirabimur
834 1487 970 1562 proxime
992 1489 1132 1547 accedere
1154 1488 1191 1546 ad
1214 1507 1306 1567 supra
1327 1492 1488 1551 recensitos

151 1597 367 1664 protectorum.
401 1584 481 1660 Quid
496 1585 576 1662 quod
592 1587 718 1645 fortasse
734 1606 793 1645 non
809 1605 882 1645 casu
897 1589 1014 1661 accidit,
1037 1590 1117 1664 quod
1132 1590 1254 1649 eaedem
1267 1590 1329 1649 iere
1344 1593 1487 1668 legiones,

150 1708 231 1767 qnae
257 1690 289 1748 iu
315 1690 372 1747 hoc
393 1687 480 1747 titulo
504 1698 690 1763 comparent,
719 1689 807 1746 etiam
835 1698 1019 1764 protectores
1045 1690 1114 1748 illos
1140 1691 1298 1762 dederunt,
1326 1702 1357 1749 ut
1382 1714 1420 1752 ex
1447 1695 1486 1752 iis

148 1791 313 1868 praecipue
341 1788 569 1849 Constantinum
595 1790 724 1848 conicias
752 1790 878 1864 primum
907 1791 1129 1866 praetorianos,
1162 1792 1270 1851 deiude
1302 1804 1484 1869 protectores

147 1891 327 1951 adscivisse.
364 1889 433 1948 Hoc
454 1889 549 1949 solum
572 1891 661 1966 igitur
683 1890 807 1948 mutavit
829 1903 946 1967 praeter
967 1911 1085 1963 nomen,
1108 1893 1188 1967 quod
1208 1911 1274 1952 cum
1290 1906 1378 1953 antea
1393 1896 1485 1970 legio·

147 1994 229 2052 narii
251 2010 414 2069 paucorum
436 1991 651 2069 stipendiorum
672 1993 703 2050 in
727 1992 908 2068 praetorium
935 1994 1166 2051 transferrentur
1176 1994 1221 2070 1),
1250 1996 1309 2053 iarn
1337 1996 1486 2071 stipendia

146 2094 222 2173 plus
243 2095 342 2153 minus
363 2093 470 2169 viginti
492 2093 728 2168 requirebantur.
758 2125 796 2135 -
823 2093 871 2151 Ita
892 2094 972 2169 quod
994 2097 1195 2171 supraposui
1222 2096 1371 2154 sublatum
1398 2115 1483 2171 prae·

146 2197 260 2253 torium
283 2213 302 2253 a
324 2192 522 2253 Constantino
543 2194 733 2252 coniunctum
756 2212 824 2254 esse
850 2214 916 2253 cum
942 2196 1086 2255 institutis
1114 2197 1161 2256 vel
1189 2197 1287 2272 potius
1313 2197 1483 2256 reformatis

144 2296 377 2375 protectoribus,
399 2295 504 2354 videor
525 2296 598 2354 mibi
620 2296 696 2355 satis
718 2297 960 2372 comprobavisse
982 2307 1012 2355 et
1028 2299 1070 2356 rei
1087 2298 1223 2357 militaris
1239 2300 1481 2359 reformationem

145 2396 434 2458 Constantinianum
456 2398 499 2455 ita
519 2397 709 2473 aliquatenus
731 2397 939 2456 elucidarisse.

191 2499 300 2558 Restat
324 2499 421 2557 altera
445 2516 538 2557 cansa
563 2501 742 2573 protectoris
768 2500 888 2557 creandi
915 2500 944 2557 in
971 2500 1037 2577 lege
1052 2500 1270 2573 Valentiniani,
1297 2521 1372 2579 qnae
1394 2503 1479 2561 varia

143 2602 258 2660 itinera
279 2600 316 2657 ad
337 2609 569 2675 protectoratum
591 2599 727 2658 ducentia
748 2601 875 2675 ingenue
896 2601 1054 2659 admodum
1071 2601 1212 2673 declarat,
1236 2605 1278 2661 ita
1299 2604 1478 2679 significata,

142 2714 180 2761 nt
208 2701 425 2778 protectoribus
447 2701 595 2759 veteranis
617 2712 806 2778 opponantur
833 2712 1017 2776 protectores
1039 2703 1109 2761 iacti
1131 2705 1176 2761 ccl
1197 2706 1336 2779 suffragio
1357 2706 1402 2764 cel
1424 2725 1477 2781 po-

143 2808 235 2864 tentia
255 2804 301 2861 cel
320 2807 427 2879 pratia.
461 2801 565 2861 Potuit
579 2802 649 2860 addi
663 2805 707 2860 cel
721 2803 881 2873 calabium
903 2813 982 2862 certe
998 2823 1023 2861 a.
1037 2804 1097 2862 364
1113 2806 1179 2882 lege
1201 2804 1251 2879 (C.
1261 2805 1319 2864 Tb.
1334 2807 1361 2875 6,
1378 2807 1427 2876 24,
1443 2807 1476 2881 2)

143 2915 283 2964 sanctum
303 2914 363 2975 est,
389 2913 422 2961 ut
442 2903 671 2962 domesticorum
694 2903 748 2962 filii
770 2914 800 2962 et
822 2906 981 2982 propinqui
1003 2907 1172 2982 impuberes
1196 2906 1296 2964 statim
1324 2907 1401 2965 inter
1423 2909 1476 2966 do-

142 3008 289 3065 mesticos
314 3006 495 3064 reserrentur
520 3004 621 3079 itaque
647 3005 727 3063 iusta
752 3014 848 3065 aetate
873 3008 997 3082 impleta
1029 3007 1084 3064 hoc
1115 3006 1183 3064 loco
1212 3007 1383 3066 militarent.
1427 3010 1475 3067 Ad

142 3108 176 3167 id
208 3124 304 3186 genus
336 3124 429 3183 supra
464 3105 632 3166 rettulimus
665 3107 860 3165 Maximinum
894 3106 1010 3166 Galerii
1043 3105 1185 3166 Caesaris
1221 3109 1334 3167 sororis
1371 3110 1474 3169 filium.

142 3212 174 3268 A
196 3207 376 3269 &neuntio
396 3208 465 3266 inde
485 3207 625 3285 exempla
647 3208 811 3278 abundant,
837 3216 996 3284 propterea
1022 3218 1136 3266 tantum
1160 3209 1280 3284 opinor,
1308 3210 1388 3285 quod
1410 3213 1474 3271 eins

141 3311 254 3369 aetatis
275 3327 325 3368 res
353 3318 455 3386 gestas
479 3309 570 3385 longe
599 3310 765 3368 accuratius
792 3318 821 3366 et
841 3309 958 3384 plenius
985 3310 1110 3368 traditas
1138 3309 1280 3369 babemus
1307 3329 1396 3387 quam
1423 3332 1476 3390 per

141 3422 280 3491 tempora
300 3408 480 3470 Diocletiani
501 3419 532 3468 et
552 3408 754 3469 Constantini.
798 3408 858 3483 Qui
879 3411 1049 3468 nominatur
1071 3412 1108 3469 ab
1131 3411 1290 3469 Ammiano
1312 3414 1359 3482 14,
1385 3413 1431 3484 10,
1455 3414 1473 3471 2

140 3512 180 3571 ael
206 3532 235 3572 a.
256 3513 318 3573 354
338 3511 521 3571 Hermionae
542 3521 688 3587 protector
709 3514 890 3580 dorcesticas,
916 3512 1103 3586 Hermogenis
1130 3532 1162 3570 er
1187 3517 1324 3587 rnapistrc
1351 3519 1473 3590 equitum

134 3614 218 3693 filias
240 3631 429 3690 nequequam
455 3631 493 3670 ex
516 3623 658 3671 veterano
686 3620 835 3689 protector
856 3613 951 3670 iactus
974 3624 1035 3683 est,
1063 3631 1117 3671 uec
1139 3615 1235 3689 magis
1257 3615 1400 3673 Iovianus
1423 3636 1472 3674 co·

140 3716 222 3775 mitis
247 3714 481 3775 domesticorum
495 3712 675 3771 Varroniani
700 3714 796 3783 filins,
822 3714 872 3788 qui
899 3723 986 3772 natus
1014 3733 1042 3771 a.
1059 3714 1115 3771 331
1142 3723 1171 3771 et
1198 3734 1223 3770 a.
1241 3714 1299 3773 361
1330 3720 1472 3775 etiamtum

136 3826 285 3894 protector
305 3817 474 3875 domesticus
501 3813 695 3888 (Ammianus
717 3813 900 3887 21,16,20)
932 3826 1001 3891 post
1022 3816 1181 3874 triennium
1211 3817 1336 3891 primum
1364 3818 1394 3876 in
1421 3838 1471 3876 eo-

139 3936 205 3977 rnm
226 3916 380 3977 consortio
401 3916 499 3974 locum
521 3926 625 3974 tenens
647 3916 761 3990 (Amm.
783 3915 832 3986 25,
850 3917 878 3985 5,
897 3916 945 3990 4),
971 3916 1057 3975 miles
1079 3925 1177 3975 tamen
1200 3918 1351 3975 etiamtum
1375 3917 1470 3989 (Tbe-

139 4019 260 4078 mistius
281 4016 320 4076 ad
341 4017 496 4075 Iovianum
518 4037 548 4094 p.
565 4015 618 4077 66:
641 4007 837 4098 αἰχαοφόρος)
855 4016 1016 4093 imperator
1030 4026 1146 4077 creatus
1161 4026 1216 4075 est.
1254 4018 1322 4092 Ipse
1337 4019 1469 4077 Ammia-

196 4238 220 4299 ')
241 4237 325 4289 Tituli
343 4237 542 4303 legionariorum
566 4236 662 4287 saeculi
681 4237 751 4286 tertii
780 4237 805 4286 in
830 4237 987 4300 praetorium
1011 4237 1207 4296 translatorum,
1233 4250 1297 4300 quos
1326 4239 1469 4302 composuit

137 4346 218 4397 nuper
236 4328 323 4379 Oscar
340 4328 416 4379 Belin
436 4326 507 4390 (ider
525 4326 567 4378 die
584 4325 688 4379 Heimat
705 4326 752 4378 der
769 4326 945 4377 Prdtoriuner.
983 4327 1099 4377 Berolini
1122 4328 1191 4378 1883
1211 4343 1236 4392 p.
1254 4327 1306 4389 13),
1327 4329 1468 4392 stipendio-

135 4438 189 4473 rum
209 4435 336 4472 numeros
354 4420 497 4485 adscriptos
516 4419 613 4471 habeut
631 4420 679 4470 bos
698 4420 799 4481 (urbani
819 4426 878 4468 suut
892 4433 980 4469 omnes
994 4427 1020 4468 et
1032 4426 1106 4469 sexto
1120 4420 1249 4468 volumino
1264 4420 1469 4483 comprehensi)=

135 4512 176 4563 X:
195 4530 225 4564 ιι.
237 4512 326 4573 assu
345 4512 398 4563 lll:
417 4528 442 4562 n.
458 4512 528 4562 2131
537 4530 544 4573 ;
563 4512 614 4562 Vl:
635 4526 660 4561 u.
675 4511 754 4561 2805.
771 4510 849 4559 2672.
866 4512 950 4571 2772;
972 4512 1008 4560 V:
1028 4511 1153 4571 ιι.2618;
1174 4512 1224 4559 IV:
1246 4526 1271 4560 ιι.
1288 4512 1368 4560 2185.
1384 4513 1470 4574 2971;

135 4604 176 4655 11ι
194 4622 223 4655 ιι.
238 4604 312 4655 2801
333 4602 376 4664 (ci.
395 4618 421 4653 u.
436 4602 527 4663 2758).
563 4603 650 4667 Ipsam
670 4601 864 4653 translationem
879 4601 995 4652 Bohniae
1014 4609 1100 4651 censat
1117 4608 1175 4666 post
1188 4601 1312 4653 Severum
1332 4616 1391 4651 raro
1412 4611 1467 4653 tsn-

136 4704 188 4747 tsm
207 4710 258 4745 usu
278 4695 379 4745 senisse
398 4696 453 4744 siue
472 4709 563 4757 cansa,
582 4710 642 4745 nam
662 4695 705 4758 qul
725 4709 757 4743 ex
775 4693 866 4743 militia
879 4693 963 4741 minus
977 4693 1101 4742 honorata
1115 4691 1148 4740 ad
1161 4692 1278 4743 altiorem
1290 4694 1397 4757 gradum
1412 4709 1469 4756 per·

134 4796 269 4848 emerunt,
289 4800 474 4849 saepenumero
494 4786 526 4835 de
543 4786 589 4835 illa
607 4787 692 4847 silent,
712 4793 740 4834 ut
759 4785 920 4834 centuriones
938 4783 999 4832 iacti
1018 4784 1050 4833 dc
1068 4783 1213 4848 gregalibus
1233 4783 1380 4848 stipendiis3
1404 4786 1466 4833 item

132 4886 256 4929 maeatae
274 4892 334 4928 cunt
352 4884 452 4927 constet
469 4891 559 4927 omnes
578 4878 604 4927 in
623 4877 715 4927 ordino
734 4877 865 4934 meruisse,
885 4876 961 4939 louge
975 4876 1077 4938 plurimi
1092 4890 1179 4925 eorum
1194 4876 1370 4925 evocationem
1383 4877 1465 4926 solam

129 4976 241 5035 ponunt.
272 4968 344 5021 Saus
363 4968 502 5017 consimile
521 4976 560 5017 est
577 4970 684 5033 gratiam
705 4969 812 5018 multum
831 4968 858 5016 iu
872 4966 1040 5016 translations
1053 4967 1172 5027 valuisse,
1192 4982 1275 5031 neque
1288 4981 1377 5016 omnes
1390 4982 1465 5030 pras·

128 5063 250 5111 tariano·
266 5066 345 5109 anna
362 5060 389 5108 in
408 5059 512 5123 legione
530 5061 654 5111 mcrulsss
673 5059 815 5122 conteud03
840 5058 885 5108 sed
904 5060 960 5108 iure
978 5058 1006 5107 id
1025 5058 1147 5107 mansisse
1168 5058 1382 5108 Cousmntinisna
1401 5074 1465 5121 quo·

127 5166 180 5219 que
197 5150 387 5203 reformatione
406 5150 580 5203 confirmatur.
