3450 5828
35 572 43 585 ·
133 555 165 605 11
695 551 901 604 suerruvs.
1416 529 1459 599 13

131 725 233 804 legato
250 725 387 786 Galatiae
409 726 579 785 consututis
601 726 669 785 inde
692 728 798 804 opinor
817 726 1035 802 explicandum,
1057 725 1147 800 quod,
1170 736 1202 783 ut
1217 725 1259 782 ait
1272 722 1377 782 Livius
1397 720 1462 798 (38,

134 830 200 906 17),
222 833 342 888 omnium
363 847 436 905 qaas
457 827 560 886 Asiam
582 829 677 888 colunt
696 834 819 905 gentiam
841 827 922 887 Galli
936 830 1022 904 samo
1043 827 1110 884 dell-t
1127 837 1286 902 praestant,
1308 833 1338 883 et
1359 844 1461 902 quam·

130 948 222 1006 quam
242 935 366 1006 peucine
381 932 490 1006 ser-itas
513 949 608 989 mrum
628 931 760 991 Asiatica
781 935 946 990 amoenitate
967 930 1077 987 mollita
1098 940 1139 988 est
1161 928 1265 1004 (verba
1287 936 1357 986 sunt
1376 926 1463 986 Flori

134 1035 168 1105 1,
188 1032 226 1090 tt
248 1032 399 1109 [t,11]),
431 1033 511 1092 bella
536 1033 740 1093 Romanorum
767 1034 867 1092 civilia
893 1042 923 1092 et
948 1033 1016 1108 ipsa
1043 1032 1122 1108 legio
1155 1030 1352 1089 Deiotariana
1382 1030 1462 1087 clare

130 1135 302 1207 ostendunt,
325 1147 507 1212 quantopere
528 1135 577 1193 vel
593 1134 784 1213 Gallograeci
806 1137 871 1194 eius
892 1135 1000 1194 aetatis
1019 1135 1050 1192 in
1067 1133 1144 1192 bello
1161 1133 1362 1210 praestiterint
1377 1130 1461 1209 Syris

130 1247 162 1295 et
181 1237 316 1296 Asianis.
361 1237 467 1314 ltaque
489 1257 555 1296 eam
578 1238 640 1297 iere
661 1239 759 1296 locum
783 1236 909 1298 Galatae
931 1244 1032 1296 tenent
1056 1237 1087 1294 iu
1110 1236 1243 1294 exercitu
1263 1236 1460 1311 Aegyptiaco,

132 1357 223 1415 quem
245 1341 276 1399 in
298 1339 468 1400 Occidentis
491 1340 587 1416 copiis
610 1341 724 1399 auxilia
746 1340 777 1399 in
798 1341 951 1418 provincia
973 1338 1096 1415 Belgica
1119 1338 1297 1413 conscripta.

174 1442 299 1501 Praeter
314 1440 441 1501 Galatas
463 1443 494 1500 in
516 1442 682 1519 legionibus
698 1443 893 1520 Aegyptiacis
912 1451 999 1501 natos
1022 1441 1052 1499 in
1067 1444 1208 1517 Aegypto
1226 1439 1360 1498 homines
1382 1457 1460 1497 eom·

130 1543 234 1622 platea
257 1546 404 1604 meruisse
427 1553 460 1602 ut
481 1546 578 1622 ipsum
600 1545 803 1622 explicatione
825 1564 884 1603 non
906 1544 1028 1621 indiget,
1050 1544 1092 1601 ita
1113 1542 1151 1600 ad
1172 1541 1377 1601 condicionem
1396 1543 1460 1599 cius

128 1647 300 1724 provinciae
314 1647 522 1706 illustrandam
539 1647 650 1723 aliquid
665 1649 787 1706 confert.
815 1646 894 1705 Nam
909 1646 1028 1705 aliunde
1043 1654 1159 1703 constat
1169 1645 1263 1703 fuisse
1277 1645 1307 1701 iu
1319 1645 1459 1721 Aegypto

130 1769 197 1807 cum
219 1750 389 1808 auleatum
412 1750 467 1807 sub
490 1750 719 1827 imperatoribus
734 1751 879 1809 Romanis
901 1749 959 1807 duo
981 1766 1091 1825 genera
1112 1748 1318 1825 indigenarum
1339 1746 1459 1804 111111111-

131 1869 232 1924 versa,
260 1854 340 1911 eires
361 1852 526 1911 civitatium
550 1850 733 1911 Graecarum
755 1863 785 1911 et
805 1852 941 1910 homines
964 1849 1129 1927 Aegyptios
1153 1849 1249 1908 nornis
1276 1849 1459 1924 adscriptos3

130 1952 307 2013 decivitate
329 1955 466 2013 Romana
487 1953 585 2012 danda
600 1957 769 2032 Augustum
791 1954 991 2024 constituisse,
1015 1960 1047 2009 ut
1067 1951 1098 2009 hi
1120 1952 1159 2010 ad
1181 1971 1246 2009 eam
1268 1951 1352 2009 nullo
1373 1960 1460 2026 paeto

130 2052 408 2145 admitterentpr1),
435 2055 479 2114 illi
501 2058 543 2115 ita
565 2056 805 2127 admitterentur,
833 2066 866 2116 ut
887 2056 961 2133 ipsis
983 2055 1172 2130 posterisque
1193 2062 1223 2111 et
1244 2054 1291 2112 ius
1313 2055 1459 2111 honorum

131 2157 250 2217 deesset
272 2169 302 2217 et
321 2158 364 2216 ita
378 2178 396 2216 a
412 2171 516 2217 senatu
532 2169 711 2218 arcerentur.
722 2158 753 2235 ²)
783 2159 858 2217 Eam
874 2158 1089 2216 ordinationem
1105 2156 1281 2215 confirmant
1295 2155 1460 2213 illustrant-

130 2278 188 2336 que
210 2260 288 2318 tituli
309 2261 542 2337 legionariorum
568 2263 718 2321 exercitus
740 2260 933 2340 Aegyptiaci,
959 2260 1143 2336 Aegyptium
1169 2258 1318 2316 homiuem
1345 2257 1459 2316 nullum

129 2363 333 2436 nominantes,
355 2363 409 2422 sed
430 2384 469 2422 ex
492 2364 661 2424 civitatibus
685 2363 810 2424 Graecis
833 2363 928 2421 tribus
948 2360 1201 2437 Alexandrea3),
1223 2358 1458 2434 Ptolemaide4),

127 2464 309 2524 Paraetonio
319 2461 348 2542 5)
377 2466 491 2542 aliquot
517 2467 555 2524 ad
580 2466 731 2526 civitatem
759 2465 924 2524 Romanam
952 2474 1074 2544 propter
1107 2463 1240 2522 militiam
1269 2461 1382 2521 scilicet
1408 2461 1459 2519 ad·

188 2651 211 2713 ¹)
232 2653 360 2719 Iosephus
380 2662 469 2706 conae
480 2656 611 2722 Apionem
631 2658 656 2717 2,
676 2655 706 2705 4:
727 2642 812 2724 μένοις
824 2648 972 2722 Αἰγυπτίοις
991 2651 1016 2703 el
1034 2642 1113 2722 aripret
1132 2649 1171 2703 νῦν
1181 2643 1300 2718 Ῥωμαῖοι
1318 2647 1361 2714 τῆς
1379 2647 1458 2699 elaeu-

128 2740 200 2811 μίνης
218 2736 423 2816 μεταλαμβάνειν
441 2739 588 2812 ἡστινοσοῦν
606 2743 735 2804 πολιτείας
753 2736 922 2814 incepissem.
961 2764 983 2797 c.
998 2748 1028 2797 6:
1050 2746 1184 2812 Aepyptiia
1201 2760 1277 2810 aeque
1293 2759 1378 2809 repam
1391 2743 1457 2808 quss-

128 2854 199 2902 paam
217 2837 377 2890 oidelerius
395 2842 507 2891 0101111111
518 2841 603 2906 filicae
623 2841 732 2907 lurpitua
750 2856 828 2907 neque
845 2857 910 2890 nunc
929 2837 1031 2906 quilibet
1048 2840 1231 2905 imperatorum.
1276 2836 1377 2886 Plinius
1401 2851 1458 2883 euru

129 2945 145 2978 a
162 2931 278 2982 Traiano
298 2931 348 2998 (ep.
364 2934 390 2995 5)
411 2935 540 3000 Aegyptio
565 2934 664 2984 homiui
683 2934 837 2998 Harpocrati
856 2932 949 2982 liberto
968 2929 1134 2981 Thermuthis
1154 2928 1269 2979 Theonis
1294 2923 1368 2995 vopei
1387 2926 1457 2992 Μεμ-

133 3015 202 3086 φίτου
221 3024 332 3089 (ep.10)
359 3026 489 3076 civitatem
511 3026 656 3077 Romanam
679 3027 856 3092 impetrasset,
879 3023 972 3074 deinde
997 3022 1047 3087 (ep.
1063 3022 1089 3084 6)
1113 3020 1254 3071 admonitus
1277 3036 1340 3080 aurit,
1366 3019 1415 3080 ait,
1440 3037 1457 3068 a

130 3114 289 3176 moribus
308 3114 421 3168 debuisse
437 3134 475 3168 me
493 3125 550 3168 aute
563 3117 763 3169 Alexandrinam
776 3119 900 3169 civitatem
912 3117 1054 3182 impetrare,
1074 3113 1163 3165 deinde
1175 3113 1321 3175 Romanam,
1341 3113 1457 3179 quonian

130 3215 191 3257 esset
202 3208 360 3276 aeqyptius:
379 3227 424 3278 epo
438 3219 525 3274 autem,
547 3213 608 3278 quio
626 3213 690 3262 iuter
702 3211 843 3279 Aeppptios
861 3217 1001 3275 ceterosque
1018 3208 1166 3275 pereprinos
1184 3204 1250 3257 nihil
1267 3207 1384 3256 iuteresse
1403 3220 1455 3254 ere·

128 3297 226 3361 delam,
252 3309 380 3353 contentus
395 3303 499 3368 sueram
522 3302 569 3354 boc
593 3304 671 3355 solum
695 3302 804 3354 scrib-ew
828 3301 875 3353 titi
898 3319 950 3352 eam
968 3301 1064 3352 seilicet
1087 3319 1103 3351 a
1116 3300 1257 3367 perepicuo
1275 3299 1454 3349 manumissum.

126 3391 267 3444 Pristinam
286 3395 446 3446 severitatem
466 3412 483 3446 a
500 3397 613 3462 Iosepho
632 3403 749 3447 testatam
769 3397 830 3447 laxa
848 3396 996 3461 posterioris
1020 3396 1111 3444 aetatis
1135 3393 1296 3457 indulgentia
1319 3392 1454 3441 infractam

126 3486 208 3550 magis
220 3502 276 3537 esse
289 3502 367 3553 quam
381 3495 504 3539 mutatam
517 3490 602 3554 ipsum
620 3505 770 3554 responsum
785 3489 893 3539 Traiani
913 3487 963 3552 (ep.
976 3489 990 3536 7
1005 3487 1038 3536 ei.
1052 3484 1097 3552 10)
1117 3501 1168 3536 uon
1188 3484 1295 3534 obscure
1314 3484 1453 3547 significat:

127 3579 251 3629 ciuitatem
270 3580 471 3632 Aleeondriuam
489 3581 620 3633 secuudum
639 3582 816 3631 institutionem
832 3581 974 3647 principum
992 3597 1041 3629 uon
1061 3587 1147 3629 temere
1166 3577 1228 3626 dare
1247 3576 1385 3643 proposui:
1411 3572 1456 3624 aed

127 3687 180 3719 cura
192 3668 354 3740 Harpoeruti
372 3675 493 3726 ....iam
512 3675 636 3726 civitatem
656 3673 791 3725 Romanam
811 3674 993 3741 impetraveris,
1014 3671 1071 3723 huic
1091 3686 1185 3737 quoque
1201 3670 1319 3737 petitioni
1337 3675 1394 3718 tuce
1412 3683 1453 3716 ne-

127 3779 190 3828 pote
209 3781 258 3815 nou
277 3768 393 3819 1111111110.

184 3855 210 3924 ²)
230 3858 283 3909 Dio
298 3859 341 3921 51,
359 3858 400 3909 17.
432 3860 493 3912 11011
511 3861 593 3926 magis
611 3860 652 3911 his
671 3862 830 3927 posterisque
850 3875 939 3910 eorum
958 3858 1041 3909 locum
1061 3858 1117 3907 dari
1136 3857 1248 3922 potuisse
1266 3856 1333 3905 inter
1346 3856 1453 3904 selectos

127 3949 222 3999 iudices
241 3951 352 4001 eflicitur
370 3967 402 4002 ex
421 3968 496 4003 versu
510 3954 602 4018 parieti
615 3954 774 4018 Pompeiano
793 3953 916 4017 inscripto
936 3952 1013 4002 C.1V
1028 3952 1109 4000 1943:
1130 3967 1178 3999 aori
1197 3957 1233 3999 est
1252 3964 1282 3997 ex
1302 3945 1358 3996 albo
1378 3944 1454 3994 iudea

126 4048 200 4107 putre
213 4043 354 4110 demptio,-
375 4046 531 4110 Aegyptium
550 4047 619 4096 euim
638 4053 713 4110 poeta
731 4047 786 4095 siue
805 4046 883 4095 dubio
897 4045 1024 4109 signifieat
1037 4044 1116 4092 civem
1133 4042 1260 4093 Graecum
1275 4056 1307 4089 ex
1322 4041 1451 4103 Aegypto.

128 4135 201 4184 Unde
222 4136 359 4186 verisimile
378 4138 468 4187 iisdem
488 4154 541 4188 non
559 4139 643 4203 magis
659 4154 750 4203 equum
764 4138 895 4203 publicum
909 4138 963 4187 dari
978 4136 1079 4186 licuisse
1094 4150 1169 4199 quam
1182 4135 1294 4183 honores
1309 4132 1452 4182 senatorios

128 4235 153 4274 et
171 4235 309 4293 propterea
327 4231 403 4279 etiam
422 4231 581 4294 equestribus
599 4230 740 4280 honoribus
760 4246 805 4280 eos
824 4231 943 4280 caruisse.

183 4318 208 4382 3)
228 4322 402 4372 Alexandrini
422 4324 469 4373 etsi
489 4309 584 4387 βουλὴν
603 4323 699 4372 nullam
718 4322 847 4372 habebant
866 4330 925 4372 aute
938 4322 1070 4382 Severum,
1091 4336 1118 4370 re
1136 4320 1239 4386 publica
1252 4326 1387 4382 propterea
1399 4331 1451 4366 uon

127 4414 208 4478 magis
227 4415 347 4464 carebant
365 4430 442 4479 quam
461 4416 668 4467 Mediolanenses
687 4423 712 4464 et
730 4415 900 4467 Ravennates.

182 4503 208 4567 ⁴)
227 4506 321 4558 Strabo
343 4509 474 4570 17,1,42
495 4525 520 4574 p.
536 4509 603 4560 813:
624 4497 787 4577 nratspaui
806 4495 880 4564 πὸλις
900 4500 1068 4577 ...ἔχουσα
1086 4501 1126 4555 ael
1146 4492 1262 4572 eiusqpe
1279 4489 1408 4552 πολιτικδν
1428 4498 1451 4549 lu

126 4596 158 4662 τῷ
173 4589 316 4662 Ἑλληνικῷ
333 4596 423 4668 spe'sp.
463 4601 615 4667 Marquardt
633 4599 876 4665 Stcatsverwultuup
897 4602 911 4648 l
933 4615 957 4663 p.
971 4599 1034 4649 451.
1078 4598 1226 4649 Laterculus
1246 4597 1354 4645 militans
1374 4596 1450 4645 Lam-

128 4691 271 4742 baesitanus
290 4694 345 4742 sine
364 4693 441 4744 dubio
460 4693 569 4758 legionis
587 4694 630 4743 111
644 4695 787 4760 Augustae,
809 4692 892 4741 editus
910 4707 992 4756 nuper
1011 4693 1037 4741 iu
1057 4692 1107 4740 rol.
1121 4691 1202 4740 XXII
1222 4687 1315 4751 (1882)
1335 4695 1450 4736 actorum

128 4785 252 4834 societatis
271 4784 499 4836 Constantinianac
522 4803 548 4851 p.
562 4787 628 4848 878,
655 4801 730 4851 quern
754 4785 815 4834 item
840 4785 974 4849 descripsit
998 4791 1024 4834 et
1048 4799 1147 4834 mecum
1171 4782 1370 4831 communicavit
1392 4779 1450 4829 Iob.

128 4876 251 4938 Schmidt,
271 4877 414 4943 complures
433 4879 526 4928 milites
545 4885 660 4928 recenset
679 4878 810 4939 oriundos,
831 4885 859 4926 ut
877 4878 913 4927 ibi
933 4877 1060 4936 scribitur,
1085 4873 1109 4924 Τ
1107 4873 1242 4924 ulomaidu.

183 4968 207 5032 ὅ)
226 4970 320 5023 Strabo
342 4970 384 5033 ll,
400 4974 424 5032 l,
441 4973 473 5022 14
493 4988 518 5037 p.
530 4971 592 5021 365.
624 4957 790 5036 llepetre'vteu
811 4956 954 5025 ...πέλις
973 4964 998 5014 δ’
1021 4965 1074 5016 ἐστὶ
1093 4959 1134 5015 καὶ
1153 4955 1238 5036 λιμήν.
1277 4967 1307 5015 111
1327 4966 1449 5014 laterculo

127 5061 322 5114 Lambaesitauo
345 5064 423 5113 modo
447 5065 524 5114 citato
548 5066 609 5114 item
635 5063 709 5113 miles
734 5064 862 5113 iuvenitur
888 5062 957 5111 domi
983 5058 1166 5121 Puretlr(ouio).
1212 5058 1388 5108 Coniercudus
1413 5064 1451 5106 est

127 5155 212 5205 titulus
237 5164 281 5205 aut
301 5156 460 5206 Dalmaticae
485 5164 529 5207 sut
552 5158 663 5208 urbanus
682 5156 733 5207 rol.
746 5155 790 5206 111
809 5171 834 5206 n.
850 5154 934 5205 3165:
969 5152 997 5204 T.
1022 5152 1115 5203 Titurio
1141 5150 1240 5201 [alioue
1266 5149 1449 5217 ptumum)

128 5243 190 5296 1111
205 5245 341 5311 Fort(uao)
361 5247 481 5315 narbone)
500 5248 663 5301 Paraetonio.
