3450 5828
298 473 371 545 136
881 493 1063 546 nonnsan

294 684 351 724 nus
371 669 523 741 inpensas,
551 672 582 721 ut
603 664 669 739 ipsc
696 664 739 722 ait
768 663 833 737 (19,
854 663 881 736 8,
903 666 952 741 6),
981 673 1069 724 natus
1095 684 1120 722 c.
1141 684 1168 723 a
1185 665 1245 724 330
1271 672 1422 743 protector
1447 664 1637 724 domesticus

296 764 361 841 (15,
378 767 407 838 5,
423 765 477 841 22)
499 786 552 843 per
574 785 600 824 a.
617 765 785 824 uns-357
810 766 909 824 officia
929 766 1048 843 publica
1069 774 1211 825 executus
1234 776 1289 825 eet.

339 866 424 941 Quos
448 886 541 942 supra
562 866 700 943 adlegavi
722 868 838 925 nobiles
861 875 931 926 sunt
953 867 1076 943 originis
1098 869 1262 926 Romanae.
1311 867 1380 925 Pari
1410 866 1502 925 modo
1529 866 1636 926 alieni·

298 987 401 1046 genas,
424 967 591 1027 Germanos
614 968 742 1026 maxime
765 968 883 1026 labente
906 969 1028 1027 saeculo
1051 969 1186 1026 militiam
1206 968 1371 1027 Romanam
1394 968 1569 1045 suscepisse
1591 968 1637 1027 iu·

301 1070 377 1147 signi
401 1068 538 1144 exemplo
561 1068 694 1126 declarat
720 1070 822 1127 titulus
846 1069 1041 1128 Treverensis
1064 1088 1092 1126 n.
1110 1070 1158 1127 35.
1207 1070 1239 1128 ls
1264 1070 1344 1128 enim
1371 1069 1477 1145 quinto
1502 1068 1637 1128 fortasse

300 1171 429 1242 saeculo,
453 1180 530 1228 certe
552 1189 612 1227 non
635 1176 704 1227 ante
718 1178 857 1245 quartum
880 1172 997 1248 positus
1020 1180 1066 1228 est
1081 1171 1264 1229 adulescenti
1287 1190 1325 1228 ex
1346 1179 1433 1249 geute
1455 1169 1542 1248 regia
1555 1170 1635 1229 Bur·

298 1273 479 1348 gundionum
506 1267 671 1345 oriundo¹)
699 1270 854 1343 Huriulfn,
881 1273 931 1348 qni
954 1273 1109 1330 deiunctae
1131 1284 1177 1331 est
1199 1279 1349 1349 protector
1370 1271 1555 1329 domesticus
1580 1288 1634 1329 sn·

299 1393 370 1431 num
393 1391 484 1449 agens
507 1372 681 1430 vicesimum
703 1374 840 1449 primum.
877 1373 962 1430 Multi
987 1374 1051 1431 sine
1073 1373 1162 1431 dubio
1185 1393 1222 1430 ex
1241 1371 1447 1433 Germanicia
1461 1372 1635 1449 republica

300 1474 438 1531 Romana
459 1493 560 1531 eorum
588 1482 754 1548 temporum
777 1491 909 1531 summos
931 1474 1059 1532 honores
1086 1473 1230 1534 militares
1253 1473 1405 1534 adsecutis
1426 1472 1518 1533 simili
1541 1472 1634 1531 modo

301 1594 354 1651 per
375 1583 606 1652 protectoratnm
630 1592 750 1632 cursum
774 1575 919 1633 honorum
942 1576 1071 1652 ingressi
1093 1584 1170 1634 sunt.

343 1676 410 1734 Hoc
436 1675 525 1733 modo
554 1674 590 1732 ad
619 1684 850 1750 protectoretum
879 1677 973 1735 evecti
1000 1696 1066 1735 cum
1091 1677 1149 1734 iam
1174 1676 1377 1735 Valentiniani
1403 1675 1469 1753 laga
1496 1675 1552 1734 ills
1577 1694 1636 1752 pre

300 1777 365 1834 loco
387 1777 612 1853 quinquagenos
640 1776 753 1834 solidos
779 1778 895 1836 solvere
922 1779 1092 1836 iuberentur
1118 1777 1335 1854 protectoribus
1362 1777 1511 1836 veteranis
1539 1779 1637 1855 gratis

301 1877 462 1952 creatis²)‚
490 1888 720 1935 consentaneum
748 1889 793 1936 est
816 1888 948 1953 tempore
974 1880 1152 1955 procedente
1180 1888 1339 1937 veteranos
1370 1888 1554 1955 protectores
1580 1898 1636 1937 ex·

300 1980 430 2036 olevisse
462 1987 492 2036 et
524 1988 754 2052 protectoratum
790 1981 923 2037 venalem
959 1979 1068 2039 iactum
1104 1999 1161 2038 non
1196 1988 1255 2038 tam
1288 1979 1443 2039 nobilitate
1473 1989 1503 2037 at
1536 1980 1640 2056 gratia

301 2080 399 2155 parari
422 2099 510 2156 quam
541 2082 675 2155 pecunia.
724 2080 865 2155 Resque
892 2082 1060 2156 pervenerit
1085 2080 1206 2139 saeculo
1233 2089 1331 2152 sexto,
1361 2080 1472 2140 diserta
1499 2080 1640 2157 explicat

301 2181 468 2254 Procopius
494 2180 563 2238 hist.
588 2200 647 2237 arc.
671 2179 724 2238 24:
755 2172 807 2237 ciui
829 2169 858 2236 di
880 2172 927 2237 ursi
948 2172 1032 2264 ἕτεροι
1058 2184 1110 2239 τῶν
1136 2180 1163 2239 iv
1190 2189 1319 2256 παλατίῳ
1348 2182 1449 2257 πολλῷ
1474 2172 1639 2265 ἀξιώτεροι,

302 2273 362 2338 ἐπεὶ
383 2270 430 2337 ucri
453 2273 537 2337 πλείω
560 2274 590 2336 ri
613 2273 745 2349 δημόσιον
768 2277 863 2342 αὐτοῖς
883 2286 1020 2365 χορηγεῖν
1048 2278 1164 2349 εἴωθεν,
1190 2274 1240 2339 cira
1267 2272 1314 2338 nai
1342 2273 1425 2352 μείζω
1446 2278 1642 2341 amavistis·

301 2384 354 2438 τοῦ
375 2383 425 2449 τῆς
447 2374 595 2462 στρατείας
616 2373 753 2449 ὅνᾶματος
780 2377 816 2438 rri
846 2374 1003 2452 trutinare,
1030 2373 1053 2440 o'i
1079 2377 1112 2452 dr}
1141 2373 1300 2451 douirrmoi
1322 2404 1352 2439 rs
1377 2372 1426 2439 seni
1450 2372 1643 2467 operuimrrpee

302 2481 500 2540 ἐπικαλοῦνται
528 2473 575 2538 καὶ
604 2472 750 2540 ciriaca-Seu
779 2473 947 2552 ἆμελὲτητοῖ
969 2482 1020 2540 cira
1047 2475 1185 2549 πολεμίων
1216 2475 1322 2564 ἔργων·
1355 2474 1469 2564 τάξεως
1495 2476 1558 2565 'peip
1588 2474 1644 2543 urei

303 2576 455 2660 προσώπου
477 2572 557 2639 ἕνεκα
580 2574 661 2648 μοίιον
683 2582 711 2639 ἓν
731 2576 861 2658 notarim
888 2575 1014 2640 εἰώθασι
1040 2576 1272 2662 καταλέγεσθαι.
1320 2585 1355 2642 ld
1382 2602 1449 2644 cum
1475 2603 1494 2641 u
1522 2586 1641 2645 calum·

304 2685 418 2743 uiatore
445 2686 614 2759 proseratur
636 2685 705 2742 licet
730 2704 789 2743 non
817 2705 871 2762 pro
899 2686 1047 2762 vituperio
1076 2686 1288 2763 (lastinianum
1315 2687 1391 2744 anim
1419 2704 1478 2744 uon
1503 2686 1544 2744 ob
1569 2706 1642 2747 cor·

305 2795 421 2862 ruptam
444 2786 578 2844 militiam
603 2786 805 2861 reprehendit,
839 2786 892 2843 sed
914 2788 951 2844 ob
977 2787 1077 2845 debita
1100 2788 1244 2845 militibus
1264 2787 1324 2844 illis
1354 2787 1502 2863 stipendia
1530 2787 1643 2849 fraude

304 2886 498 2962 intercepta),
535 2905 636 2944 rerum
669 2905 736 2944 csse
769 2887 852 2961 ipsae
890 2887 971 2963 leges
1006 2888 1166 2945 declarant.
1224 2887 1272 2945 lta
1303 2887 1438 2946 Iustinus
1472 2887 1645 2966 imperator

306 2987 356 3063 (Ο.
373 2989 446 3045 lust.
464 2986 491 3058 2,
516 2987 544 3059 7,
568 2986 616 3058 25,
640 2987 672 3060 3)
696 2988 831 3045 beneficii
856 3007 945 3046 causa
966 2988 1032 3046 fisci
1053 2993 1186 3063 patronis
1207 2989 1254 3047 ius
1275 2990 1378 3047 tribuit
1399 2989 1528 3066 singulis
1548 2994 1644 3053 annis

305 3087 489 3164 singulorum
513 3088 741 3146 domesticorum
768 3090 901 3164 equitum
929 3090 1119 3166 peditumque
1145 3090 1408 3162 nominandorum,
1434 3101 1468 3149 ut
1492 3109 1549 3167 pro
1576 3093 1642 3153 siu-

305 3190 382 3266 gulis
406 3189 476 3246 bina
498 3188 662 3246 solidorum
685 3189 767 3246 milia
788 3185 933 3264 ‘nihilque
956 3186 1097 3267 amplins'
1119 3191 1277 3251 comitibus
1300 3210 1402 3251 eorum
1425 3191 1610 3267 dependant.

347 3287 533 3364 Stipendium
557 3290 715 3363 protectori
738 3290 830 3349 multo
854 3291 965 3367 largius
987 3291 1086 3350 datum
1111 3310 1282 3368 essequam
1298 3293 1440 3353 militibus
1455 3292 1583 3368 reliquis
1598 3314 1641 3355 ex

307 3390 505 3466 supradictis
527 3390 675 3467 colligitur
697 3398 785 3449 etex
808 3392 876 3467 ipse
899 3412 929 3450 re
957 3394 1030 3451 satis
1053 3403 1142 3468 patet.
1179 3395 1344 3469 Antiquum
1367 3393 1549 3471 stipendium
1571 3413 1641 3456 ses·

304 3493 423 3550 tertium
455 3491 635 3548 ducenorum
662 3500 691 3549 et
718 3493 815 3568 ipsum
843 3493 968 3552 fortasse
995 3494 1178 3568 aliquamdiu
1205 3495 1322 3553 durarit
1349 3505 1381 3553 ut
1406 3494 1514 3553 durare
1538 3498 1641 3571 potuit

306 3613 338 3651 re
360 3592 527 3649 nummaria
548 3600 611 3650 tota
633 3601 758 3663 mutata,
786 3594 897 3652 scilicet
919 3597 949 3652 in
971 3595 1123 3672 dignitatis
1146 3596 1320 3654 vocabulum
1342 3613 1528 3655 conversum.
1576 3597 1641 3657 Diu

306 3703 405 3752 tamen
428 3714 465 3751 ne
487 3694 541 3750 hoc
563 3693 683 3767 quidem
706 3695 832 3766 munsit3
856 3714 923 3752 nam
947 3698 1110 3770 posteriore
1132 3704 1230 3755 aetate
1252 3707 1436 3772 protectores
1458 3696 1640 3758 ducenario-

304 3815 369 3855 rum
393 3795 539 3853 vocabulo
561 3795 689 3870 amplius
712 3814 769 3853 non
791 3806 919 3854 utuntur.
958 3797 992 3855 ld
1008 3797 1084 3856 redit
1099 3798 1206 3872 opinor
1220 3798 1258 3855 ad
1274 3798 1488 3856 institutionem
1505 3798 1640 3861 tortasse

306 3894 476 3955 Constantii
499 3896 620 3955 scholae
642 3897 792 3974 agentium
816 3897 845 3955 in
861 3899 958 3970 rebus,
981 3899 1026 3956 cui
1049 3908 1080 3955 ct
1093 3917 1164 3974 pars
1180 3899 1345 3957 officiorum
1362 3899 1473 3957 tradite
1486 3910 1535 3958 est
1547 3910 1641 3961 antee

310 4034 513 4044 ——.-——-

366 4114 389 4176 ¹)
409 4115 515 4181 Repertis
535 4116 617 4181 peritis
637 4113 850 4181 Burqcadionum,
872 4117 898 4166 id
918 4117 987 4182 quod
1007 4119 1033 4166 in
1053 4119 1127 4167 titulo
1146 4118 1247 4182 legitur,
1268 4118 1406 4182 respondet
1424 4118 1487 4168 locis
1504 4120 1641 4171 Ammiani

308 4209 355 4268 16,
382 4208 428 4268 12,
456 4208 489 4256 23
507 4223 573 4272 serp:
604 4205 740 4257 ductabant
758 4208 868 4273 populos
890 4208 1072 4270 (Alamannos)
1100 4206 1287 4258 Cirrndemurus
1309 4216 1334 4259 et
1356 4207 1464 4276 Serapio
1487 4210 1641 4263 excelsiores

308 4305 364 4348 erite
383 4297 449 4347 alios
468 4314 538 4363 reyes
562 4334 588 4347 ..
613 4296 659 4347 bea
682 4297 846 4364 sequebantur
864 4307 990 4365 potestate
1007 4302 1122 4367 prorr'rai
1142 4316 1213 4366 repes
1236 4315 1336 4350 numero
1359 4301 1466 4366 quiaque
1488 4301 1640 4371 requiesque

306 4389 386 4440 decem
406 4396 429 4437 et
448 4390 589 4454 optimatum
609 4391 687 4439 series
706 4407 797 4456 mapau
819 4398 1016 4457 carnotorumque
1040 4393 1112 4441 milia
1136 4393 1243 4457 triptota
1261 4398 1286 4441 et
1307 4392 1414 4458 quiaque
1442 4392 1572 4454 (similiter
1593 4396 1639 4459 17,

306 4484 348 4540 12,
364 4479 393 4528 9:
416 4478 503 4528 Zizais
515 4482 588 4529 etium
602 4489 651 4529 tum
665 4481 768 4547 repulia.
800 4484 841 4543 18,
857 4485 881 4543 2,
900 4484 945 4533 13:
966 4498 1037 4548 repes
1056 4498 1137 4533 onrrrea
1156 4490 1179 4533 et
1197 4482 1297 4548 repelet
1310 4490 1334 4532 et
1346 4482 1453 4547 repulus.
1485 4485 1529 4543 27,
1546 4486 1591 4547 10,
1608 4490 1638 4537 1:

306 4570 464 4619 Alarnonuua
486 4572 582 4636 repulia
601 4571 691 4620 iiuada
715 4574 826 4633 nomiae,-
853 4574 886 4623 cs.
907 4577 950 4634 17,
974 4575 1015 4634 13,
1037 4574 1091 4635 24).
1135 4575 1255 4638 Explicat
1278 4573 1430 4624 uocabulum
1453 4578 1639 4639 grammaticos

306 4661 339 4710 da
359 4661 509 4711 differentiis
524 4663 593 4727 apud
607 4664 742 4726 llagenum
761 4665 850 4714 anecd.
865 4666 965 4714 llelret.
986 4682 1009 4728 p.
1022 4665 1087 4715 277:
1107 4667 1173 4714 inter
1191 4681 1272 4730 reperi
1291 4672 1316 4714 et
1333 4664 1441 4730 requiem
1460 4663 1508 4717 loc
1525 4666 1639 4728 interest,

306 4749 374 4817 puori
391 4752 476 4817 reqins
489 4768 556 4818 puer
574 4759 612 4801 eat
628 4743 753 4818 'repolis',
777 4746 837 4804 ‘rex’
860 4756 904 4819 qai
920 4757 986 4820 repit
1004 4772 1106 4822 requam
1125 4756 1172 4818 (sic
1191 4757 1259 4805 enim
1279 4755 1357 4805 rerba
1375 4756 1486 4821 legende
1504 4764 1531 4807 ct
1546 4758 1641 4811 distin·

307 4843 411 4907 guenda
439 4857 494 4892 esse
522 4853 629 4908 apparet
653 4845 684 4894 ab
713 4846 812 4895 editore
835 4862 924 4910 parum
949 4847 1096 4907 intellecta).
1144 4847 1184 4897 Cl.
1205 4848 1291 4897 Waita
1319 4845 1435 4897 deutsche
1457 4844 1638 4917 Verfuesrnrps·

306 4931 447 4998 pescliclte
467 4932 497 4982 1³
521 4949 545 4997 p.
560 4936 622 4984 305.

365 5022 388 5085 ²)
408 5024 486 5074 Redit
505 5025 586 5086 idem,
611 5041 669 5075 cum
687 5034 845 5090 protectores
864 5028 898 5077 ad
918 5030 1031 5080 officium
1051 5038 1246 5095 promoventur:
1272 5031 1400 5081 veteranis
1418 5030 1496 5083 datur
1513 5032 1638 5095 lmus,

306 5131 323 5166 a
340 5117 465 5180 promotis
483 5117 568 5181 gratia
589 5117 616 5180 (ii
636 5118 704 5167 eninr
724 5126 812 5185 aperte
831 5120 1022 5184 intelleguntur)
1042 5122 1173 5186 sportulae
1193 5123 1332 5188 eriguntur
1351 5122 1392 5186 (C.
1406 5122 1457 5175 Tu.
1471 5122 1499 5187 7,
1518 5124 1564 5185 20,
1585 5122 1652 5187 18)...
