3450 5828
197 555 261 603 ras
641 549 868 604 sarcasmum.
923 551 1080 604 senari.
1457 528 1526 603 601

238 724 358 782 Titulus
382 724 505 783 artificis
527 743 592 782 cum
616 726 658 783 ita
680 735 822 784 exaratus
851 727 903 798 sit,
933 733 965 784 ut
991 725 1140 784 secundus
1164 742 1271 784 versus
1298 724 1445 800 utrimque
1471 744 1531 784 una

195 826 293 883 littera
315 827 435 885 brevior
457 829 495 884 sit
517 846 605 903 quam
622 828 713 902 prior,
735 828 761 886 si
776 826 888 884 Latina
906 828 996 886 simili
1012 827 1222 904 aequabilitate
1239 827 1386 901 disposita
1400 826 1530 899 fuerunt,

195 929 226 985 in
249 929 395 1004 principio
418 948 524 987 versus
554 929 661 1004 prioris
691 929 899 988 desiderantur
927 931 1044 989 litterae
1073 949 1099 988 c.
1116 927 1171 1001 22,
1205 929 1340 987 nimirum
1369 945 1424 987 sex
1453 946 1529 1004 quae

195 1032 417 1107 respondebant
445 1031 605 1107 deperditis
628 1047 751 1104 vmrvr,
785 1034 913 1090 sedecim
942 1042 1041 1091 autem
1070 1033 1197 1110 scriptae
1224 1050 1315 1108 super
1341 1031 1471 1108 spatium
1498 1032 1529 1089 in

196 1133 326 1191 secundo
350 1152 437 1192 uersu
460 1145 528 1211 post
550 1148 631 1192 suco
655 1153 778 1193 vacuum
802 1135 948 1193 relictum.
986 1131 1046 1194 Sed
1062 1143 1162 1209 potest
1174 1135 1244 1192 item
1261 1151 1366 1192 versus
1381 1134 1529 1192 secundus

195 1237 308 1311 pariter
330 1245 418 1311 atque
440 1238 555 1312 primus
578 1254 596 1292 a
618 1237 752 1311 margine
774 1237 940 1313 incepisse3
964 1256 1070 1313 parum
1092 1236 1184 1312 igitur
1206 1243 1325 1295 constat
1346 1235 1382 1294 de
1405 1254 1528 1294 numero

194 1337 359 1396 litterarum
384 1339 613 1414 deperditarum.
656 1337 760 1395 Prima
782 1338 881 1396 littera
903 1358 922 1396 a
944 1338 1108 1397 Reinacbio
1130 1339 1161 1397 in
1185 1358 1216 1397 re
1238 1339 1390 1416 praesenti
1412 1337 1456 1396 sie
1477 1357 1529 1396 ex·

195 1449 282 1516 cepta
304 1457 404 1511 rvra,
426 1459 492 1497 cum
516 1442 546 1498 in
568 1448 674 1517 ectypo
697 1448 834 1498 cernatur
850 1419 968 1512 (svn,
992 1448 1091 1516 potest
1112 1440 1208 1498 fuisse
1231 1459 1238 1498 1
1262 1441 1310 1499 vel
1331 1459 1363 1498 τ.

238 1542 468 1617 Inscriptionem
496 1542 583 1617 plane
611 1542 794 1620 singularem
824 1542 867 1600 sic
894 1542 1000 1619 opinor
1026 1542 1286 1618 redintegrandam
1314 1559 1381 1601 esse
1410 1544 1528 1601 nomine

196 1644 312 1702 scilieet
333 1644 462 1721 exempli
485 1663 577 1702 causa
598 1646 712 1719 posito:
736 1643 784 1720 [C.
801 1645 931 1702 Marium
949 1643 981 1702 0.
998 1647 1025 1718 f.
1050 1645 1184 1720 lepaJtum
1198 1644 1398 1703 Alexandreae
1416 1643 1529 1703 Italicei

196 1750 261 1821 que-i
280 1747 364 1819 suere
389 1746 464 1821 [eum
491 1766 520 1803 eo
546 1748 585 1804 idi
610 1746 737 1821 uirtut]is
765 1747 931 1822 beneficiquc
959 1765 1033 1822 erpo.
1089 1738 1188 1825 [Γάιον
1215 1738 1321 1828 Μάριον
1348 1738 1434 1802 Γαίου
1463 1769 1527 1827 πρε-

196 1840 342 1925 σβευ]τὴν
364 1849 387 1906 οἱ
409 1847 436 1905 r'u
450 1841 655 1930 Ἀλεξανδρείᾳ
678 1841 745 1924 [edu
768 1842 848 1924 αὐτῷ
869 1839 1011 1924 ‘perdurum
1027 1838 1166 1926 lrnluu]el
1186 1843 1287 1928 ἀρετῆς
1301 1837 1349 1905 uel
1364 1839 1530 1929 ev’eppear'ae

198 1938 330 2027 [ἕνεκεν]
368 1951 568 2011 Accusatirus
592 1969 646 2027 pro
669 1949 768 2009 dativo
783 1948 901 2007 Latinis
924 1949 1015 2009 solito
1038 1969 1097 2009 non
1114 1951 1240 2009 offendit
1252 1950 1284 2007 in
1300 1949 1387 2008 titulo
1402 1951 1529 2027 bilingui

196 2051 333 2109 dedicato
357 2057 386 2110 in
412 2052 554 2124 Graecia3
588 2052 727 2111 similiter
753 2053 783 2109 in
806 2052 922 2128 Argivo
946 2049 1057 2123 0111,
1081 2053 1140 2111 532
1169 2051 1304 2109 dedicato
1332 2071 1359 2111 a.
1378 2074 1404 2111 u.
1421 2072 1446 2111 c.
1468 2053 1526 2112 687

195 2154 337 2229 legimus:
366 2156 399 2225 Q.
423 2156 587 2214 rllaarcium
615 2155 648 2225 Q.
672 2155 710 2230 [s.
734 2154 849 2230 Repetas]
871 2153 986 2212 Italicei
1007 2157 1072 2230 quei
1092 2154 1285 2230 nepotian[tur
1308 2153 1435 2230 Arpeis],
1458 2156 1528 2213 item

195 2246 310 2312 Κόιντον
330 2246 491 2337 Manlpmo[u
512 2247 645 2335 Kaiercv
668 2250 727 2313 υἱδν
745 2253 840 2334 Ῥῆγα
860 2248 1030 2333 Ἰταλ[ικοι’]
1054 2267 1109 2316 cet.
1134 2287 1175 2298 —
1197 2256 1245 2313 Ad
1269 2255 1392 2332 legatum
1414 2266 1443 2315 et
1464 2279 1528 2339 πρε-

196 2348 325 2427 σβευτήν
347 2378 411 2416 cum
429 2359 557 2435 vestigia
574 2360 684 2417 ducunt
705 2368 764 2417 tum
789 2359 891 2417 titulus
908 2358 984 2416 alter
994 2358 1139 2417 Deliacus
1154 2356 1203 2434 (O.
1217 2358 1241 2416 Ι.
1256 2356 1310 2418 Gr.
1324 2356 1442 2433 tutta)
1462 2378 1529 2418 cum

195 2461 252 2517 hoc
274 2480 309 2517 eo
332 2471 411 2518 certe
433 2463 552 2519 nomine
574 2462 760 2532 coniunctus,
783 2461 862 2537 quod
881 2461 1046 2520 statuarius
1062 2460 1139 2517 idem
1155 2461 1342 2538 subscriptus
1359 2469 1420 2520 est:
1442 2454 1529 2519 Priscu

195 2557 337 2631 Banasa
363 2555 449 2620 Palae
478 2557 536 2620 dedu
564 2553 746 2646 πρεσβευτὴν
773 2559 902 2628 Ῥωμαῖοι
932 2561 955 2619 οἱ
984 2560 1011 2619 ἒν
1039 2552 1123 2636 Δήλῳ
1152 2552 1333 2644 ε’ργαζόμενοι
1362 2554 1528 2646 εὐεργεσίας

195 2652 285 2719 irena»
306 2666 356 2734 τῆς
378 2664 415 2725 εἷς
438 2658 555 2727 {auroris
578 2655 736 2733 α’νὲἓηκαν.
779 2655 916 2740 Αγασῖας
928 2657 1093 2740 Μηνοφίλου
1113 2654 1247 2741 Ἐφέσιος
1268 2656 1362 2732 iacies,
1380 2655 1530 2747 ’alpinar-

197 2758 259 2847 δρας
281 2757 385 2828 Σκόπα
404 2758 507 2847 lla'psec
529 2757 770 2843 ἓπεσκεῦασενῙ).
795 2800 830 2810 -
857 2765 942 2840 Quae
964 2773 1130 2842 sequuntur
1150 2765 1243 2825 verba
1263 2766 1383 2844 linguae
1401 2766 1530 2826 Latinae

195 2866 274 2944 leges
298 2886 356 2926 nou
380 2868 482 2926 sinunt
504 2869 545 2926 ita
567 2869 676 2946 accipi,
704 2869 790 2944 quasi
815 2869 956 2946 scripturn
978 2869 1057 2927 foret
1078 2869 1191 2928 Ital-icet
1215 2874 1279 2946 quei
1294 2871 1379 2943 sucre
1399 2869 1529 2930 Alexan·

195 2970 296 3038 <iream
322 2988 391 3028 nam
414 2972 451 3028 ab
474 2971 618 3028 eiusmodi
640 2971 874 3048 transpositione
897 2989 996 3030 sermo
1023 2970 1174 3047 legitimus
1201 2971 1353 3044 abhorret,
1382 2990 1436 3030 nec
1461 2992 1529 3050 per·

196 3072 303 3130 fectum
327 3071 369 3128 ita
391 3081 470 3130 reete
492 3073 622 3148 positum
645 3081 699 3144 est,
722 3092 789 3132 cum
812 3074 902 3132 hosce
925 3073 1026 3132 titulos
1049 3072 1187 3131 dedicare
1209 3073 1324 3132 soleant
1344 3075 1395 3149 qui
1419 3074 1528 3132 alicubi

196 3177 352 3230 consistunt
373 3173 419 3231 vel
442 3178 630 3251 nepotiantur.
668 3176 717 3232 Ab
740 3175 834 3232 altera
856 3185 953 3234 autem
978 3183 1061 3251 parte
1077 3173 1278 3234 Alexandreae
1299 3175 1324 3232 si
1340 3176 1530 3252 coniungitur

196 3295 261 3333 cum
285 3276 321 3333 iis
343 3294 419 3352 quae
442 3277 631 3354 praecedunt,
655 3284 688 3333 ut
710 3277 831 3334 omnino
854 3277 1033 3354 iungendum
1057 3286 1111 3349 est,
1134 3276 1227 3335 verba
1241 3276 1356 3336 Italicas?
1371 3280 1529 3353 queiscere

196 3377 333 3435 absolute
356 3379 455 3453 posita
478 3379 627 3455 quomodo
643 3378 785 3453 explicari
809 3380 929 3456 possint
951 3399 1009 3438 non
1032 3380 1195 3457 perspicio;
1218 3398 1286 3437 nam
1311 3378 1346 3437 de
1367 3397 1426 3455 quo
1448 3379 1531 3456 cogi·

199 3479 255 3534 tavi
280 3480 401 3538 Italicos
425 3482 625 3556 negotiatores
647 3480 760 3539 maiore
783 3500 819 3538 ex
843 3492 927 3557 parte
948 3482 1050 3540 Latini
1072 3482 1146 3540 iuris
1169 3482 1305 3540 homines
1328 3472 1447 3540 civitate
1476 3481 1531 3539 im-

197 3588 315 3656 petrata
337 3593 406 3656 post
428 3582 537 3640 bellum
562 3584 673 3641 sociale
696 3584 849 3658 antiquum
873 3601 979 3641 nomen
1002 3604 1068 3642 cum
1092 3602 1171 3642 novo
1194 3584 1301 3642 civium
1323 3584 1530 3642 Romanorum

196 3684 424 3756 permutavisse,
447 3685 475 3741 id
498 3703 533 3742 co
556 3685 713 3755 refellitur,
736 3685 815 3759 quod
838 3685 944 3761 reliqui
967 3686 1085 3761 quidem
1109 3684 1187 3744 tituli
1209 3686 1390 3745 recentiores
1407 3693 1531 3744 utuntur

198 3783 306 3842 civium
320 3785 521 3844 Romanorum
544 3787 701 3858 vocabulo,
725 3786 776 3845 sed
800 3786 903 3844 titulus
915 3785 1059 3845 Deliacus
1082 3788 1150 3845 anni
1168 3787 1228 3846 680
1244 3787 1325 3862 (vide
1340 3787 1376 3845 ad
1392 3809 1420 3846 n.
1436 3787 1530 3862 1410)

199 3894 228 3942 et
252 3888 311 3943 duo
334 3888 410 3945 tituli
433 3890 538 3964 Argivi
562 3890 631 3947 anni
649 3888 707 3947 685
732 3888 781 3963 (Q.
802 3887 925 3947 Caecilio
943 3888 973 3945 C.
991 3889 1139 3963 filietate
1162 3893 1330 3965 imperatori
1350 3889 1445 3947 Italici
1467 3892 1532 3963 quei

199 3990 304 4064 Arpeis
326 3994 507 4063 repatiantur
528 3989 563 4049 C.
580 3991 638 4061 Ill,
655 3991 729 4066 531)
752 4000 782 4048 et
797 3990 855 4049 687
880 3990 961 4065 (vide
984 3992 1087 4067 supra)
1110 3991 1263 4065 antiquam
1287 3991 1531 4048 consuetudinem

197 4091 336 4162 retinent,
359 4092 523 4167 retinetque
547 4094 617 4150 item
640 4103 742 4150 auctor
761 4091 962 4151 Caesarianus
985 4092 1049 4149 bell.
1065 4092 1132 4167 Afr.
1151 4094 1199 4150 36.
1241 4093 1405 4152 Praeterea
1426 4093 1530 4150 haere·

198 4211 263 4251 mus
288 4195 315 4250 iu
333 4191 468 4264 Graecis,
494 4213 571 4269 quae
593 4196 676 4254 hisce
691 4193 809 4254 Latinis
833 4194 1013 4270 respondere
1034 4213 1129 4271 paene
1151 4204 1263 4253 certum
1285 4202 1344 4267 est;
1367 4214 1436 4253 nam
1451 4194 1530 4271 quod

196 4305 335 4372 superest
357 4295 379 4351 ci
401 4293 429 4351 ἔν
448 4289 654 4378 Ἀλεξανδρείᾳ
678 4339 768 4356 .....
782 4320 804 4354 οι
826 4297 956 4354 ostendit
978 4296 1094 4354 titulum
1118 4297 1248 4374 positum
1273 4315 1340 4356 esse
1363 4299 1400 4355 ab
1415 4297 1530 4355 Italicis

197 4399 381 4455 morantibus
404 4399 565 4456 moratisve
582 4399 799 4457 Alexandreae.
837 4398 895 4456 His
918 4398 1144 4457 difficultatibus
1167 4400 1210 4457 ita
1231 4399 1350 4457 obuiam
1372 4399 1415 4456 ire
1438 4398 1530 4471 volui,

198 4508 228 4557 ut
251 4500 332 4557 urbis
358 4501 532 4557 vocabulum
555 4508 585 4558 et
604 4502 640 4558 ad
656 4502 788 4578 legatum
811 4502 972 4559 referretur
994 4508 1024 4560 et
1045 4501 1083 4558 ad
1105 4500 1228 4559 Italicos
1251 4500 1458 4578 supplemento
1480 4500 1530 4559 ad·

197 4603 289 4658 misso
320 4603 431 4659 incerto
463 4621 548 4673 sane,
587 4603 640 4662 sed
669 4605 747 4678 quod
776 4605 873 4679 ipsum
904 4622 962 4660 nnn
990 4601 1122 4661 offendat
1148 4611 1179 4660 et
1204 4602 1243 4660 ad
1269 4603 1424 4679 utriusque
1451 4601 1530 4660 tituli

197 4704 340 4779 reliquias
364 4704 451 4761 facile
474 4713 601 4780 aptetur.
619 4737 656 4746 -
674 4705 767 4762 Aetas
790 4705 867 4762 tituli
891 4705 1104 4763 determinatur
1126 4724 1161 4763 eo
1176 4724 1263 4782 quem
1280 4723 1372 4782 supra
1386 4703 1486 4763 rettuli
1503 4712 1532 4761 et

195 4805 321 4863 huiusce
343 4806 562 4880 (quodammodo
585 4806 740 4882 gemellum
769 4823 836 4863 esse
864 4806 1067 4864 demonstravi
1096 4804 1131 4865 O.
1154 4805 1285 4866 Billieni.
1333 4805 1425 4865 Hunc
1451 4806 1530 4864 enim

196 4908 345 4964 intellexit
366 4906 539 4966 Boecklrius
567 4926 634 4967 esse
662 4907 696 4967 C.
718 4907 880 4966 Billienum
909 4927 975 4966 eum
1006 4910 1057 4984 qui
1085 4916 1162 4970 teste
1189 4907 1334 4970 Cicerone
1363 4906 1464 4984 (Brut.
1479 4906 1531 4980 47,

256 5136 279 5199 ¹)
299 5139 397 5188 Eadem
417 5139 570 5204 subscriptio
591 5129 730 5207 (Ἂγασῐας
748 5164 773 5176 -
793 5126 971 5205 tenariam)
991 5148 1029 5192 est
1047 5141 1076 5193 ln
1093 5141 1171 5193 terti}
1187 5139 1245 5193 bul
1258 5152 1344 5209 nuper
1353 5142 1458 5207 rem
1467 5134 1533 5191 Deli

197 5230 267 5281 edita
287 5228 347 5280 tall.
368 5229 399 5280 de
418 5246 485 5281 cerr.
504 5227 564 5281 tell.
585 5230 600 5282 6
619 5247 646 5297 p.
660 5230 723 5283 462.

279 5337 316 5400 V.
755 5392 758 5397 .
1264 5340 1304 5407 66
