3450 5828
298 492 342 562 16
727 509 1000 562 annrnnunnra
1028 511 1111 561 vnn.
1131 511 1175 561 111
1588 515 1618 561 n

295 684 421 743 nabetur
443 685 572 744 civitatis
594 686 641 744 ius
668 685 788 761 aliquod
814 685 883 743 licet
908 686 1082 763 peregrinae
1108 685 1235 758 habens,
1265 704 1322 744 non
1349 693 1410 743 tam
1437 686 1466 742 in
1490 686 1619 744 Polliam

294 787 479 845 referebatur
501 806 590 864 quam
612 787 643 845 in
665 788 742 846 alias
763 788 869 858 tribus,
892 788 928 845 de
950 788 1058 864 quibus
1081 788 1136 846 hoc
1158 787 1224 846 loco
1246 787 1410 864 disputatio
1429 806 1487 846 uon
1510 797 1555 846 est
1576 789 1621 844 in-

296 889 458 961 stituenda3
487 909 574 966 quam
597 890 634 948 ob
655 909 717 948 rem
739 889 770 947 in
792 889 830 948 iis
852 889 939 961 solis,
962 890 1012 965 qui
1034 890 1065 948 in
1087 890 1209 949 canabis
1231 891 1292 949 nati
1314 900 1412 964 erant,
1435 891 1561 961 mansit,
1588 897 1621 947 ut

297 991 415 1049 civitate
438 991 540 1049 donati
562 990 679 1049 Polliae
701 992 950 1050 adscriberentur.

380 1092 468 1168 Quod
496 1094 521 1152 si
551 1094 594 1150 ita
620 1093 753 1152 videmus
780 1094 810 1151 in
840 1096 989 1172 Aegypto,
1016 1102 1095 1152 certe
1122 1095 1241 1154 saeculo
1263 1096 1373 1173 primo,
1406 1095 1534 1154 fortasse
1566 1096 1620 1153 sub

298 1198 433 1272 Augusto
455 1195 501 1254 vel
517 1194 639 1253 Tiberio
660 1195 796 1254 homines
817 1197 847 1252 in
871 1197 978 1254 castris
1000 1215 1037 1254 ex
1058 1198 1253 1257 contubernio
1268 1198 1394 1256 militum
1411 1189 1478 1256 curn
1494 1198 1622 1256 mulieri-

297 1301 352 1357 bus
377 1298 539 1374 peregrinis
562 1297 703 1356 oriundos
725 1308 754 1356 et
775 1306 935 1375 propterea
956 1298 1073 1356 civitate
1096 1310 1230 1357 carentes
1252 1300 1351 1377 aliquo
1374 1319 1496 1358 numero
1516 1300 1553 1356 ad
1569 1300 1621 1357 mi·

297 1400 389 1457 litiam
412 1408 566 1475 paternam
589 1399 735 1458 admissos
758 1418 838 1470 esse,
865 1401 894 1457 id
918 1408 950 1457 ut
975 1400 1095 1457 omnino
1122 1403 1262 1460 abhorret
1287 1422 1305 1459 a
1330 1402 1489 1478 disciplina
1515 1403 1621 1459 aetatis

299 1503 444 1574 melioris,
471 1503 513 1560 ita
534 1502 694 1560 verisimile
717 1511 762 1560 est
785 1503 815 1560 ia
837 1504 977 1578 Aegypto
999 1502 1144 1561 maturius
1167 1523 1255 1581 quam
1277 1504 1348 1562 alibi
1371 1504 1533 1562 admissum
1556 1522 1622 1561 esse

262 1654 264 1659 .
298 1613 327 1662 et
349 1605 416 1662 inde
438 1604 567 1662 fortasse
589 1613 622 1662 ut
636 1604 695 1661 alia
709 1604 850 1681 pleraque
865 1604 902 1661 ad
917 1604 1089 1663 universum
1104 1605 1259 1681 imperium
1275 1617 1481 1683 propagatum.
1515 1604 1623 1664 Castra

298 1707 435 1765 Romana
454 1705 661 1764 Alexandreae
684 1722 751 1764 esse
774 1716 934 1783 coeperunt
955 1708 1106 1782 aliquanto
1129 1716 1197 1766 ante
1220 1728 1306 1784 quam
1324 1711 1480 1786 Aegyptus
1504 1709 1532 1765 in
1556 1728 1623 1783 pro·

299 1810 412 1866 vinciae
435 1808 559 1866 formam
581 1808 702 1866 redacta
719 1818 764 1865 est
779 1828 805 1865 a.
822 1829 849 1866 u.
867 1809 936 1879 699,
960 1827 1018 1885 qno
1035 1811 1071 1866 A.
1089 1808 1237 1869 Gabinius
1253 1811 1425 1869 Ptolemaeo
1440 1811 1513 1888 regi,
1536 1829 1622 1885 quern

299 1910 469 1981 reduxerat,
490 1920 604 1986 partem
627 1911 779 1986 copiarum
797 1911 923 1985 reliquit.
960 1909 1072 1969 Caesar
1093 1912 1121 1970 b.
1138 1931 1162 1971 c.
1181 1912 1243 1983 3‚4
1267 1912 1318 1988 (cf.
1335 1915 1491 1990 Appianus
1507 1913 1536 1968 b.
1553 1931 1577 1969 c.
1596 1911 1623 1982 9,

301 2013 354 2089 49)
377 2014 408 2070 in
429 2030 553 2071 recensu
575 2013 728 2089 copiarum
752 2012 999 2088 Pompeianarum
1026 2021 1178 2072 enumerat
1199 2018 1366 2091 quingentos
1395 2035 1428 2072 ea
1452 2014 1624 2072 Gabinianis

300 2116 481 2174 Alexandria
504 2114 606 2173 Gallos
630 2116 853 2190 Germanosque,
881 2133 951 2189 qnos
973 2115 1012 2172 ibi
1033 2116 1071 2172 A.
1096 2115 1234 2175 Gabinius
1259 2118 1403 2192 praesidii
1429 2135 1518 2173 caasa
1546 2116 1626 2190 apud

300 2237 391 2294 regern
417 2218 608 2275 Ptolemaeum
634 2218 802 2293 reliquerat,
837 2215 908 2273 alibi
942 2217 1065 2290 (led,
1088 2218 1160 2292 193)
1193 2218 1269 2277 inter
1295 2219 1405 2276 milites
1433 2219 1512 2293 regis
1541 2217 1624 2292 puori

300 2319 465 2378 Ptolemaei
487 2321 530 2377 ait
550 2320 643 2377 fuisse
665 2319 821 2395 complures
843 2319 961 2396 Pompei
982 2320 1093 2392 milites,
1117 2339 1187 2395 quos
1210 2325 1325 2379 eseias
1347 2323 1469 2378 sancita
1496 2329 1624 2394 acceptos

302 2425 332 2478 ia
354 2420 442 2498 Syria
466 2420 605 2480 Gabinius
626 2420 835 2481 Alexandream
858 2424 1025 2481 traduxerat
1046 2422 1173 2498 belloque
1194 2424 1315 2498 consecto
1337 2424 1418 2498 apud
1436 2422 1624 2479 Ptolemaeum

298 2535 409 2599 patrem
429 2525 709 2599 puerireliqaerat3
740 2525 914 2601 fueruntque
944 2542 981 2581 ex
1009 2525 1056 2582 his
1083 2525 1133 2600 qui
1162 2524 1372 2583 interfecerunt
1395 2523 1520 2582 Bibulas
1546 2523 1624 2580 tilios

303 2624 456 2700 (Valerius
479 2625 721 2698 Max.4,1‚15;
752 2623 866 2685 Seneca
888 2625 926 2683 ad
947 2626 1038 2684 Mare.
1057 2628 1104 2698 14,
1122 2625 1153 2701 9)
1176 2633 1206 2685 et
1228 2627 1414 2685 centuriones
1435 2644 1553 2701 quoque
1575 2625 1626 2681 tri·

304 2728 433 2805 bonique
447 2728 587 2799 Romani,
609 2728 660 2804 qui
675 2728 812 2805 Pompeii
834 2728 952 2786 caedem
976 2736 1194 2805 perpetrarunt,
1217 2727 1395 2788 Gabinianis
1414 2728 1473 2785 illis
1490 2728 1626 2784 videntur

303 2831 470 2907 praefuisse
492 2830 543 2906 (cf.
565 2830 722 2889 Drumanu
739 2832 767 2903 3,
784 2829 868 2905 593).
911 2829 995 2888 Haec
1018 2839 1086 2887 sunt
1106 2830 1137 2888 ni
1158 2831 1246 2889 fallor
1269 2841 1368 2890 castra
1389 2829 1524 2887 laterculi
1548 2826 1627 2902 Cop-

303 2932 398 3005 titani,
423 2933 610 2992 seminarium
634 2934 699 2991 sine
716 2932 805 2991 dubio
821 2933 953 2991 omnium
970 2932 1117 3004 vitiorum,
1140 2933 1193 2990 sed
1209 2933 1278 2992 item
1294 2932 1423 2990 sortasse
1439 2932 1626 2990 seminarium

304 3035 428 3093 militiae
449 3034 646 3093 hereditariae
667 3035 783 3110 imperii
807 3035 944 3094 Romani.

344 3136 421 3194 Post
436 3137 599 3194 Traianum
623 3136 763 3194 deficiunt
783 3138 845 3195 fere
867 3138 904 3196 de
919 3138 1054 3214 legionis,
1077 3156 1153 3213 quae
1170 3148 1231 3195 tum
1246 3139 1417 3215 Aegyptum
1432 3135 1626 3202 custodiebat,

303 3238 335 3295 ll
351 3238 498 3295 Traianae
519 3239 645 3296 militum
669 3238 783 3313 origine
805 3239 975 3297 testimonia
997 3239 1157 3314 diserca1).
1193 3238 1341 3297 Luterculi
1356 3257 1446 3315 supra
1460 3237 1530 3293 editi
1547 3255 1574 3293 n.
1590 3237 1626 3291 10

305 3340 430 3416 legionis
453 3340 517 3397 eius
541 3340 609 3397 anni
636 3339 693 3397 194
717 3340 827 3397 milites
850 3341 961 3416 pariter
982 3351 1070 3416 atque
1087 3339 1237 3417 Capsitani
1256 3359 1358 3399 omues
1372 3340 1433 3397 fere
1449 3337 1544 3395 tribus
1560 3350 1629 3394 sunt

305 3443 419 3500 Polliae
442 3450 559 3499 etcum
583 3441 725 3516 originem
749 3442 809 3499 fere
832 3451 958 3513 taceant,
981 3442 1138 3501 verisimile
1160 3454 1206 3500 est
1221 3443 1378 3519 plerosque
1393 3460 1494 3498 eorum
1510 3460 1547 3497 ex
1564 3440 1628 3514 ipsa

306 3546 446 3621 Aegypto
469 3542 612 3601 oriundos
634 3560 710 3600 esse.
759 3542 794 3599 ld
817 3553 913 3600 autem
936 3562 993 3600 non
1015 3554 1075 3602 tam
1097 3545 1206 3621 pendet
1228 3546 1332 3622 alege
1354 3546 1500 3620 Augusti,
1527 3561 1629 3600 secun·

307 3647 374 3705 dum
398 3666 486 3723 quam
509 3643 597 3702 modo
620 3645 747 3702 vidimus
768 3645 970 3721 Aegyptiacus
993 3655 1072 3704 certe
1094 3646 1225 3722 legiones
1249 3647 1293 3721 (et
1315 3657 1413 3722 potest
1433 3645 1502 3703 addi
1525 3645 1630 3721 opinor

308 3748 441 3806 Orientis
462 3747 579 3822 omnes)
606 3746 699 3804 lectas
722 3765 789 3806 esse
811 3749 839 3805 in
862 3748 1023 3825 provinciis
1052 3749 1167 3823 imperii
1191 3747 1335 3820 Graecis,
1364 3748 1417 3806 sed
1443 3748 1480 3805 ad
1507 3765 1631 3804 consuc-

307 3853 438 3909 tudinem
461 3851 568 3908 aetatis
591 3849 776 3925 posterioris,
799 3850 835 3907 de
857 3870 914 3926 qua
936 3869 994 3908 non
1017 3852 1162 3926 estquod
1184 3852 1240 3908 hoc
1262 3851 1328 3908 loco
1345 3868 1478 3926 agamus,
1502 3850 1630 3907 tironum

309 3955 395 4012 etiam
418 3953 649 4029 legionariorum
672 3953 701 4009 in
724 3970 760 4009 ea
783 3952 934 4028 provincia
956 3953 1245 4024 conscribendorum,
1268 3954 1298 4011 in
1321 3970 1381 4027 qua
1398 3952 1475 4029 legio
1491 3953 1632 4010 consiste-

309 4069 369 4125 ret,
398 4055 427 4112 id
449 4055 529 4131 quod
552 4054 626 4114 tituli
649 4053 777 4130 legionis
799 4054 847 4112 111
869 4056 1023 4132 Augustae
1045 4064 1209 4114 castrorum
1231 4054 1531 4113 Lambaesitanorum
1553 4054 1631 4110 clare

310 4152 517 4232 ostendenti).
554 4155 613 4217 Sed
635 4176 701 4216 cum
724 4157 753 4214 in
776 4157 926 4234 Aegypto,
949 4158 1036 4216 aliter
1058 4167 1146 4234 atque
1167 4159 1197 4215 in
1216 4156 1338 4233 reliquis
1360 4156 1530 4233 provinciis,
1554 4155 1632 4211 colo·

311 4260 377 4317 niae
400 4259 594 4334 municipium
617 4259 725 4317 civium
741 4258 942 4317 Romanorum
966 4260 1050 4319 nulla
1071 4267 1169 4318 essent
1183 4261 1283 4335 itaque
1298 4259 1424 4317 dilectus
1439 4258 1526 4316 etiam
1543 4257 1633 4332 legio·

372 4459 394 4520 ¹)
414 4460 591 4510 Memorantnr
609 4476 641 4510 ex
662 4476 692 4510 ea
710 4462 811 4526 legione
826 4462 919 4511 milites
932 4462 1055 4527 originem
1070 4462 1193 4511 babentes
1207 4460 1289 4511 Italics
1303 4462 1377 4526 (Eph.
1391 4462 1405 4510 9
1420 4477 1445 4510 n.
1458 4460 1530 4520 338),
1551 4456 1633 4518 111111)

312 4550 459 4613 idomenus)
492 4549 680 4602 Carnuntiensis
706 4555 853 4619 provinciae
881 4553 1027 4604 Pannoniae
1055 4555 1194 4621 supra-riaris
1222 4555 1332 4618 (Ephe
1358 4571 1383 4603 n.
1403 4549 1481 4617 398),
1510 4547 1635 4599 Macedon

314 4644 389 4708 (pr
406 4646 421 4693 9
441 4645 553 4706 11391).
586 4646 638 4697 Sed
657 4645 776 4695 videntur
794 4649 909 4711 gregales
928 4648 1036 4712 legionis
1050 4648 1176 4698 Traianae
1196 4663 1228 4695 ex
1243 4647 1304 4710 ipsis
1318 4645 1407 4695 eastris
1421 4645 1460 4693 vel
1475 4642 1635 4711 Alexandria

314 4737 415 4786 oriundi
435 4738 561 4800 originem
581 4739 687 4787 reticere
705 4745 793 4803 utpote
813 4747 866 4788 tum
885 4740 938 4789 fere
958 4755 1133 4802 communem,
1160 4741 1287 4804 peregrini
1306 4739 1456 4803 praesertim
1481 4749 1537 4786 eam
1558 4751 1635 4784 eunu-

314 4830 387 4878 liare.

374 4920 399 4983 1)
419 4923 500 4972 Tituli
519 4923 616 4973 inventi
636 4925 661 4973 iu
682 4924 771 4972 castris
791 4924 993 4975 Lambaesitanis
1013 4926 1156 4976 constitutis
1176 4943 1197 4974 c.
1212 4941 1235 4974 a.
1252 4926 1302 4975 193
1323 4924 1363 4972 vel
1382 4923 1414 4972 ad
1434 4923 1461 4973 id
1481 4923 1637 4987 praetorium

315 5016 441 5064 referendi
461 5031 512 5065 non
533 5016 628 5066 habent
651 5030 683 5065 ex
708 5017 785 5066 Italia
809 5017 930 5065 oriundos
956 5019 1049 5067 milites
1073 5018 1181 5083 legionis
1201 5018 1340 5067 Africanae
1365 5016 1413 5065 nisi
1439 5031 1517 5064 urium
1543 5014 1638 5063 duosve

316 5100 376 5158 (vol.
393 5108 467 5167 Vlll,
488 5109 672 5170 astantes),
692 5109 799 5158 aliarum
819 5125 919 5174 qtroque
939 5112 1128 5174 provinciarum
1147 5125 1296 5175 perpaucos,
1316 5116 1405 5158 eontra
1417 5107 1638 5171 longeplerosque

316 5200 464 5249 Africanos.
