3450 5828
209 485 281 556 642
488 485 497 499 ‘
780 508 966 559 moruussa

205 679 307 738 bulum
331 681 450 738 evitarit
472 690 502 738 et
517 681 562 739 bis
578 680 658 738 aliud
675 683 809 758 posuerit
825 700 883 739 non
899 680 1057 738 admodum
1073 680 1191 739 obvium
1203 681 1243 756 ¹).
1280 679 1345 738 Nec
1360 680 1461 757 magis
1476 697 1540 755 per·

205 783 313 859 spicio,
341 802 408 841 cnm
430 801 506 858 quae
528 802 582 858 pro
606 785 747 842 tribunali
768 784 798 841 in
822 783 1022 859 postulatione
1043 793 1072 841 et
1093 783 1325 842 contradictione
1348 791 1437 860 gesta
1460 790 1540 852 sunt,

204 895 304 960 partes
320 896 407 943 antea
421 885 480 942 iam
496 886 532 943 ab
549 887 757 963 exceptoribus
774 887 924 962 descripta
940 885 1117 960 acceperint,
1139 886 1289 960 quomodo
1305 886 1343 943 ob
1359 885 1538 943 sententiam

204 987 311 1059 solam,
334 996 367 1045 ut
389 987 580 1046 admittamus
603 989 689 1047 huius
705 1007 824 1064 quoque
842 987 1053 1047 describendae
1069 997 1219 1063 sumptum
1235 988 1274 1045 ad
1288 988 1457 1066 litigatores
1472 1006 1536 1063 per·

204 1092 340 1161 tinuisse,
364 1091 517 1167 impensae
540 1097 641 1147 tantae
664 1090 744 1167 exigi
768 1093 931 1166 potuerint,
954 1099 1081 1165 quantas
1105 1090 1232 1148 edictum
1253 1091 1345 1167 ponit.
1391 1087 1453 1148 Sed
1476 1108 1536 1146 om·

201 1193 283 1250 nium
307 1193 438 1250 maxime
460 1212 506 1250 me
529 1203 640 1264 movet,
668 1193 748 1267 quod
769 1193 812 1249 ita
832 1192 862 1249 in
885 1192 981 1250 edicto
1004 1193 1092 1267 plane
1113 1193 1311 1264 desideratur,
1334 1190 1407 1268 quid
1430 1209 1536 1268 excep·

203 1295 259 1352 tori
281 1314 336 1371 pro
359 1295 462 1352 labore
485 1295 647 1370 chartaque
671 1294 848 1352 solvendum
871 1295 910 1352 sit
931 1294 963 1352 iu
985 1311 1077 1352 causa
1106 1296 1231 1373 urgenti.
1281 1291 1381 1367 Quam
1407 1293 1448 1351 ob
1476 1312 1535 1351 rem

202 1397 377 1454 crediderim
404 1397 504 1454 verbis
527 1418 554 1455 v.
572 1398 609 1455 39
638 1401 668 1454 in
694 1399 808 1473 definita
836 1415 925 1454 causa
951 1397 1160 1474 similibusque
1188 1417 1214 1454 v.
1232 1398 1271 1455 44
1299 1397 1410 1473 respici
1438 1395 1476 1453 ad
1502 1414 1536 1454 ea

202 1519 278 1575 quae
301 1499 481 1575 praecedunt
502 1519 528 1557 v.
543 1500 579 1556 31
606 1503 635 1557 in
656 1504 786 1574 urguenti
808 1517 880 1575 quae
896 1499 1025 1574 finienda
1047 1503 1084 1556 sit
1106 1509 1135 1557 et
1154 1499 1351 1576 supplendum
1371 1516 1442 1557 esse
1457 1498 1535 1575 cogi·

200 1603 313 1659 tatione
336 1602 365 1659 id
388 1601 467 1677 quod
490 1611 535 1659 est
557 1606 586 1659 iu
609 1606 745 1676 arpocrati.
797 1601 843 1658 lta
865 1608 895 1658 et
917 1601 1049 1659 defectus
1076 1609 1155 1660 recte
1182 1601 1321 1676 expletur
1346 1609 1377 1659 et
1403 1618 1536 1659 summae

201 1716 289 1781 aptae
311 1704 494 1772 efficiuntur;
516 1722 584 1761 nam
607 1713 640 1761 ut
661 1689 810 1761 advocato
828 1703 858 1761 iu
878 1720 972 1761 causa
988 1705 1123 1780 urguenti
1139 1704 1322 1761 tantumdem
1339 1702 1430 1761 datur
1445 1721 1536 1778 quau-

199 1815 264 1864 tum
286 1806 394 1881 accipit
416 1816 539 1883 propter
561 1805 788 1881 postulationem
811 1804 1146 1881 contradictionemque,
1168 1807 1211 1863 ita
1230 1805 1382 1882 exceptori
1403 1824 1461 1880 pro
1476 1822 1535 1862 mo·

200 1907 258 1965 diis
280 1909 411 1983 quinque
434 1916 462 1964 et
485 1906 640 1967 duodecim
662 1909 820 1965 solvuntur
842 1907 932 1964 modii
954 1907 1057 1982 viginti
1080 1908 1262 1983 chartaeque
1287 1908 1313 1964 ei
1336 1907 1536 1966 attribuuntur

199 2029 254 2086 pro
278 2027 336 2067 una
358 2017 386 2067 et
406 2017 547 2084 quattuor
569 2028 633 2068 sex.
684 2009 856 2070 Sententiae
878 2009 1063 2086 exemplaria
1084 2028 1121 2068 ea
1142 2019 1239 2068 aetate
1261 2008 1444 2068 crediderim
1469 2027 1534 2067 con·

198 2112 276 2170 fecta
308 2129 376 2170 esse
409 2113 576 2188 sumptibus
609 2112 752 2187 publicis3
788 2129 859 2170 sane
888 2111 1100 2170 advocatorum
1129 2112 1290 2171 honoraria
1319 2121 1350 2170 et
1381 2121 1533 2189 gestorum

199 2214 327 2290 partium
350 2232 443 2272 causa
465 2213 726 2272 describendorum
752 2215 906 2290 impensae
929 2215 1024 2291 magis
1047 2216 1168 2290 proprie
1195 2215 1232 2272 ad
1259 2222 1361 2290 partes
1386 2215 1534 2290 pertinent

198 2335 288 2392 quarn
313 2326 449 2393 sumptus
473 2317 638 2376 sententiae
659 2317 752 2393 gratis
774 2315 907 2375 redditae
930 2317 1030 2391 itaque
1050 2317 1173 2375 meliore
1193 2323 1290 2374 aetate
1305 2317 1397 2374 etiam
1413 2316 1532 2392 publico

199 2419 317 2476 nomine
340 2419 432 2495 gratis
455 2420 650 2496 perscriptae.

242 2519 288 2580 De
311 2521 410 2580 officio
433 2522 644 2580 advocatorum
668 2532 919 2598 exceptorumque
941 2539 1032 2579 causa
1053 2521 1137 2578 nulla
1158 2530 1205 2580 est
1226 2540 1279 2579 cur
1300 2520 1359 2579 hoc
1380 2521 1451 2579 loco
1468 2538 1533 2598 aga·

198 2641 274 2681 mus.
312 2622 454 2681 Chartam
478 2633 603 2699 apparet
622 2633 798 2699 exceptores
814 2622 1039 2699 litigantibus²)
1055 2624 1098 2680 ita
1113 2623 1361 2700 suppeditavisse,
1383 2631 1417 2681 ut
1433 2642 1531 2682 earum

197 2743 315 2801 quoque
337 2734 454 2800 praeter
476 2743 585 2799 operae
607 2725 733 2800 pretium
757 2725 924 2802 exige-ream
951 2744 1010 2800 qno
1033 2726 1096 2782 iure
1119 2743 1154 2781 ue
1179 2725 1382 2796 abuterentur,
1406 2725 1530 2785 edictum

197 2827 365 2885 chartarum
388 2844 464 2901 quae
486 2827 523 2884 ad
547 2827 605 2884 tria
626 2827 803 2885 iudiciorum
826 2845 936 2903 genera
955 2827 1126 2886 sufficereut
1140 2845 1293 2885 numerum
1309 2827 1425 2886 definit
1462 2827 1531 2886 Eius

198 2929 425 2988 consuetudinis
446 2928 550 3005 Lydus
572 2948 689 3005 quoque
712 2930 845 2987 meminit
867 2929 903 2987 de
926 2947 1002 3005 mag.
1019 2929 1052 2999 3,
1076 2930 1126 3001 14,
1149 2929 1192 2985 ita
1214 2939 1327 3002 tamen,
1357 2936 1390 2987 ut
1413 2929 1531 2988 meliore

197 3039 294 3090 aetate
313 3038 400 3106 neget
419 3031 564 3090 officiales
586 3032 770 3090 miserabilia
788 3033 861 3089 haec
877 3033 1038 3103 curavisse,
1061 3031 1150 3088 immo
1166 3030 1384 3090 lucidissimam
1400 3032 1529 3091 chartam

197 3136 292 3212 gratis
315 3133 552 3209 suppeditavisse
580 3127 657 3208 (rods
679 3124 793 3191 πάντων
816 3124 1026 3194 διειδεστάτους
1047 3123 1164 3216 χᾶρτας
1185 3121 1230 3189 ἐπὶ
1254 3133 1312 3195 τοῖς
1338 3125 1530 3216 πραττομένοις

197 3230 427 3302 ἀναλίσκεσθαι,
450 3228 605 3312 ἀναλόγως
625 3226 820 3318 ἔμπρετᾶντων
841 3236 898 3295 τοῖς
918 3225 1016 3291 κύτεσι
1038 3236 1093 3290 τῶν
1115 3225 1279 3317 γραφὲωιι);
1302 3236 1363 3293 iam
1381 3254 1454 3294 vero
1475 3253 1527 3296 nou

197 3338 293 3396 solum
316 3337 436 3396 chartae
458 3337 585 3413 pretium
608 3359 626 3396 a
648 3339 849 3414 litigatoribus
876 3338 997 3413 exigere
1025 3337 1168 3395 officiales
1198 3327 1325 3417 (χάρτην
1354 3331 1485 3396 ἀπαιτεῖν
1508 3336 1528 3394 οἱ

195 3442 245 3509 τῆς
267 3431 380 3520 τάξεως
401 3430 568 3507 &acciacum
591 3433 657 3500 roric
679 3431 869 3522 πράττοντας)
892 3459 987 3515 ucque
1010 3439 1181 3498 erubescere
1204 3439 1287 3515 ipsos
1307 3457 1423 3516 egenos
1439 3440 1526 3499 factat

201 3599 322 3606 .-——-
334 3599 404 3606 --—...

256 3709 278 3771 ¹)
300 3711 329 3760 C.
345 3711 395 3759 Th.
419 3713 441 3771 l,
456 3710 481 3772 6,
496 3713 520 3760 2.
555 3712 687 3774 1,27fin.
721 3711 887 3774 l,29,5pr.
923 3713 1004 3772 10,1,
1022 3713 1063 3761 13.

253 3799 277 3863 ²)
298 3802 421 3852 Chartam
440 3816 505 3867 quae
525 3803 558 3852 ad
577 3804 693 3867 publicos
712 3819 772 3852 usus
791 3803 962 3867 requireretur
980 3818 1038 3850 cum
1056 3803 1117 3864 hac,
1141 3817 1218 3866 quam
1238 3809 1390 3866 exceptores
1410 3802 1523 3870 litiganti·

193 3895 241 3944 bus
260 3895 366 3959 privatis
386 3896 557 3958 suppeditant,
578 3910 638 3946 cave
658 3895 809 3944 confundas.
847 3894 921 3943 Illam
941 3909 973 3942 ex
993 3896 1098 3958 antiqua
1119 3895 1283 3943 ordinatione
1300 3895 1430 3946 officiales
1443 3897 1521 3962 quibus

193 4002 224 4037 ea
244 4002 308 4051 opus
328 3995 382 4036 erat
400 3989 453 4036 suis
472 3988 615 4051 sumptibus
634 3989 752 4036 videntur
770 4001 946 4050 comparasse,
972 3995 1000 4034 ut
1018 3993 1062 4034 aut
1082 3992 1186 4050 propter
1204 3986 1232 4034 id
1251 4002 1316 4036 onus
1342 3996 1442 4038 certam
1465 4002 1521 4039 sum·

193 4094 260 4129 mam
282 4081 427 4143 acciperent
445 4087 501 4141 aut,
521 4081 590 4144 qarod
610 4081 691 4141 magis
711 4079 877 4139 crediderim,
898 4086 1012 4141 respectu
1032 4086 1178 4142 sumptuum
1198 4079 1238 4127 his
1258 4077 1417 4130 officialibus
1437 4092 1521 4131 menes

193 4180 361 4234 congruenter
388 4182 463 4220 aucta
490 4172 677 4221 attribueretur.
730 4172 770 4220 lta
798 4171 915 4220 beneficii
945 4185 1022 4218 causa
1045 4171 1067 4219 si
1094 4185 1145 4233 qua
1167 4171 1276 4233 pecunia
1299 4171 1407 4234 publica
1435 4173 1471 4222 sic
1494 4169 1520 4219 ad

192 4263 335 4326 praesidem
365 4263 536 4326 pervenisset,
571 4271 598 4312 ut
626 4263 705 4312 libere
735 4264 766 4311 dc
796 4278 827 4312 ea
854 4263 1013 4326 disponeret,
1043 4269 1144 4325 poterat
1172 4259 1350 4311 chartiaticum
1383 4261 1520 4329 quibusdan

193 4351 345 4420 officialibus
363 4353 421 4404 iude
440 4352 593 4404 subscribere
613 4355 683 4418 (Dig.
698 4357 741 4416 48,
758 4358 800 4416 20,
816 4355 855 4416 6),
876 4356 903 4402 id
923 4361 961 4402 est
980 4354 1095 4402 beneficii
1115 4369 1193 4403 rrausa
1212 4369 1268 4403 eam
1287 4354 1322 4403 ad
1338 4355 1459 4408 chartam
1471 4353 1520 4406 iude

192 4447 392 4511 comparandam
418 4447 571 4497 officialibus
601 4462 714 4510 crogare.
764 4447 910 4496 Posteriora
939 4453 1022 4496 aetate
1052 4461 1082 4494 eo
1112 4448 1217 4495 nomine
1246 4445 1372 4498 officiales
1404 4446 1520 4514 sportulas

192 4538 276 4586 abiis
296 4539 399 4602 exigere
419 4539 549 4598 solebant,
580 4554 688 4603 quorum
706 4553 783 4588 causa
806 4539 919 4588 maxime
944 4546 1000 4587 acta
1023 4538 1126 4602 publica
1145 4540 1247 4599 fierent3
1276 4538 1314 4588 ita
1337 4539 1365 4589 iu
1391 4541 1451 4606 lege
1468 4542 1518 4603 inp

191 4630 325 4680 Anastasii
351 4630 388 4691 (Z.
409 4646 424 4680 a
443 4631 597 4694 Lingenthal
617 4632 643 4680 in
664 4633 726 4680 actis
745 4631 818 4680 acad.
838 4631 924 4681 Bercl.
949 4630 1091 4679 minoribus
1111 4644 1134 4678 a.
1150 4631 1220 4680 1879
1240 4647 1265 4694 p.
1283 4631 1336 4681 134
1349 4631 1419 4698 seq.)
1443 4644 1518 4684 unns·

191 4723 261 4772 rario
281 4730 307 4771 et
325 4723 498 4786 primiscrinio
518 4724 597 4771 officii
622 4723 693 4772 ducis
713 4723 811 4787 Libyae
834 4723 935 4787 singula
959 4730 1044 4771 caetra
1068 4723 1177 4772 militnm
1203 4724 1442 4776 castrensianornm
1463 4710 1518 4791 hr'yv

191 4812 348 4885 χαρτατικῶν
367 4829 502 4864 numerare
522 4814 640 4863 iubentur
659 4830 759 4864 annuos
778 4816 932 4877 solidosVI,
952 4817 1051 4864 numeri
1071 4816 1116 4865 alii
1136 4816 1168 4864 ab
1188 4829 1218 4864 eo
1232 4830 1311 4865 onere
1325 4817 1457 4869 immunes
1472 4828 1517 4867 esst

191 4907 259 4971 (pag.
276 4910 289 4956 1
311 4923 335 4955 v.
353 4909 468 4967 16—-18,
489 4923 546 4972 pag.
563 4909 578 4956 3
599 4923 621 4956 v.
638 4908 765 4968 20-23).
797 4908 922 4958 Similiter
935 4908 1096 4971 Nicephorus
1115 4907 1260 4971 Logothets
1278 4908 1378 4960 tributa
1397 4912 1438 4962 its
1449 4908 1516 4968 auxil,

189 5006 217 5048 ut
236 4999 271 5049 ad
290 4999 403 5063 singulos
423 5000 519 5048 solidos
539 4989 597 5063 ὑπὲρ
617 4994 783 5069 χαρτιατικοῦ
803 4999 964 5048 edicerentur
983 4999 1090 5063 siliquae
1105 4999 1180 5048 binae
1198 4999 1388 5064 (Theophanes
1408 5004 1443 5054 td
1460 5013 1515 5053 aa·

191 5091 276 5151 63023
304 5092 418 5141 Zonaras
440 5092 486 5151 15,
508 5092 556 5152 14;
581 5092 609 5140 Z.
630 5108 646 5140 a
664 5091 817 5156 Lingenthnl
836 5093 863 5140 in
883 5099 955 5155 parte
974 5092 1015 5141 III
1035 5091 1097 5139 iuris
1118 5090 1319 5143 Graeco-Rom.
1340 5094 1397 5145 sive
1415 5088 1516 5147 nordh

188 5199 214 5249 p.
229 5183 282 5232 386
296 5182 369 5247 seq).
